1976 3224
614 234 789 271 LIBER
813 234 889 270 xi.
936 232 1060 271 CAP.
1090 230 1288 274 24-27,
1687 222 1777 272 191

117 364 229 426 lege
257 362 430 411 Saenia
458 361 743 424 sublegere;
772 360 993 425 laetaque
1020 360 1142 410 haec
1166 361 1212 408 in
1239 374 1339 407 rem
1369 357 1606 423 publicam
1632 359 1849 409 muniam

116 433 263 481 multo
304 431 480 495 gaudio
518 431 734 479 censoris
779 431 1029 479 inibantur.
1078 431 1293 479 famosos
1340 428 1533 492 probris
1581 443 1785 492 quonam

115 502 257 551 modo
298 508 464 550 senatu
504 500 776 565 depelleret
816 501 1008 563 anxiuS,
1044 502 1204 548 mitem
1241 506 1288 547 et
1326 513 1501 547 recens
1541 506 1785 563 repertam

116 587 254 638 quam
281 586 342 619 ex
370 571 632 619 severitate
658 571 817 634 prisca
842 571 1075 619 rationem
1102 568 1330 632 adhibuit,
1355 567 1597 616 monendo
1621 583 1785 617 secum

118 643 319 706 quisque
354 639 413 688 de
458 655 512 688 se
552 639 847 689 consultaret
884 647 1168 705 peteretque
1217 640 1291 687 ius
1328 637 1547 695 exuendi⁷
1576 638 1782 687 ordinis:

115 711 314 760 facilem·
334 710 436 758 eius
463 710 535 757 rei
562 710 764 759 veniam.
816 717 861 757 et
887 717 1043 758 motos
1071 705 1239 758 senatu
1264 714 1622 772 excusatosque
1646 708 1781 756 simul
1799 723 1846 758 15

117 780 499 846 propositurum,
538 786 589 828 ut
617 779 836 828 iudicium
864 793 1117 828 censorum
1143 794 1200 828 ac
1225 777 1380 843 pudor
1407 785 1581 842 sponte
1609 777 1782 849 ceden-

114 853 227 899 tium
255 850 478 914 permixti
502 850 807 912 ignominiam
836 849 1095 897 mollirent.
1152 849 1213 898 ob
1241 863 1296 897 ea
1323 849 1585 912 Vipstanus
1614 848 1782 896 consul

114 919 295 969 rettulit
321 925 504 984 patrem
541 925 734 967 senatus
773 918 1112 983 appellandum
1147 933 1258 968 esse
1294 916 1566 967 Claudium:
1601 919 1782 982 quippe

115 990 403 1055 promiscum
429 989 577 1053 patris
610 990 792 1052 patriae
823 995 1215 1051 cognomentum
1255 1001 1381 1036 nova
1419 989 1467 1035 in
1499 1003 1601 1035 rem
1628 987 1780 1051 publi-

116 1074 218 1109 cam
242 1061 410 1107 merita
436 1072 530 1107 non
554 1059 741 1107 usitatis
767 1058 1018 1107 vocabulis
1042 1056 1344 1107 honoranda:
1389 1057 1475 1105 sed
1511 1059 1618 1120 ipse
1648 1056 1776 1105 cohi·
1797 1076 1842 1108 20

113 1129 214 1178 buit
249 1128 496 1178 consulem
519 1135 568 1175 ut
606 1130 796 1176 nimium
825 1127 1170 1176 adsentantem.
1223 1127 1532 1190 condiditque
1564 1126 1781 1189 lustrum,

118 1213 209 1264 quo
239 1212 385 1246 censa
403 1204 509 1246 sunt
531 1198 702 1245 civium
724 1199 1074 1262 quinquagiens
1103 1204 1348 1260 nongenta
1381 1198 1627 1259 octoginta
1649 1203 1781 1260 quat-

114 1276 222 1318 tuor
245 1267 372 1316 uu'lia
402 1268 704 1331 septuaginta
731 1268 840 1315 du0.
893 1269 1032 1331 isque
1065 1267 1136 1315 illi
1161 1268 1267 1316 linis
1294 1266 1514 1315 inscitiae
1550 1281 1668 1329 erga
1695 1266 1778 1314 do-

116 1353 238 1386 mum
278 1352 408 1385 suam
433 1336 544 1386 fuit:
584 1336 706 1385 haud
735 1337 880 1386 multo
924 1344 1034 1401 post
1074 1337 1252 1401 flagitia
1287 1338 1453 1385 uxoris
1489 1351 1697 1384 noscere
1722 1350 1780 1384 ac

116 1409 284 1473 punire
309 1406 522 1468 adactuS,
550 1414 599 1455 ut
627 1406 799 1455 deinde
828 1406 1110 1455 ardesceret
1135 1409 1182 1455 in
1213 1408 1404 1471 nuptias
1431 1408 1659 1454 incestas.
1797 1427 1840 1459 25

222 1476 304 1526 26.
353 1475 450 1524 Iam
489 1476 745 1525 Messalina
794 1476 1024 1526 facilitate
1070 1477 1411 1525 adulteriorum
1452 1477 1500 1524 in
1542 1474 1783 1524 fastidium

118 1561 258 1595 versa
286 1545 344 1594 ad
381 1547 651 1609 incognitas
677 1545 901 1594 libidines
928 1546 1226 1611 profluebat,
1267 1561 1372 1594 cum
1399 1545 1625 1609 abrumpi*
1644 1544 1780 1593 dissi-

115 1616 421 1665 mulationem
441 1617 582 1664 etiam
603 1615 764 1677 Silius,
797 1617 898 1664 sive
924 1616 1058 1665 fatali
1082 1616 1342 1665 vaecordia
1364 1630 1422 1664 an
1442 1616 1782 1663 imminentium

115 1684 438 1751 periculorum
463 1685 724 1735 remedium
752 1688 858 1750 ipsa
886 1686 1103 1751 pericula
1132 1694 1281 1749 ratuS,
1309 1684 1572 1748 urguebat:
1600 1686 1781 1749 quippe

115 1770 212 1804 non
238 1769 297 1803 eo
324 1762 544 1818 ventum,
585 1763 633 1804 ut
668 1763 912 1805 senectam
943 1757 1176 1821 principis
1212 1756 1534 1820 opperiretur.
1583 1755 1780 1803 insonti·
1804 1766 1824 1798 5

115 1824 204 1873 bus
234 1826 423 1874 innoxia
451 1825 669 1888 consilia,
698 1825 892 1889 flagitiis
914 1827 1180 1875 manifestis
1207 1825 1469 1875 subsidium
1495 1823 1553 1874 ab
1581 1823 1781 1873 audacia

118 1893 389 1958 petendum.
447 1894 620 1942 adesse
660 1897 883 1944 conscios
919 1896 1051 1959 paria
1087 1902 1371 1944 metuentes.
1429 1909 1483 1942 se
1525 1893 1780 1955 caelibem,

120 1962 313 2025 orbum,
353 1965 528 2027 nuptiis
560 1971 607 2012 et
635 1964 905 2028 adoptando
933 1965 1205 2013 Britannico
1234 1972 1464 2028 paratum.
1513 1978 1782 2012 mansuram

119 2032 317 2082 eandem
353 2032 639 2082 Messalinae
676 2036 960 2098 potentiam,
1007 2034 1161 2083 addita
1185 2035 1472 2095 securitate,
1512 2035 1552 2081 si
1578 2046 1781 2096 praeve-

117 2104 275 2151 nirent
314 2101 587 2166 Claudium,
632 2110 683 2151 ut
718 2103 901 2152 insidiis
947 2106 1209 2166 incautum,
1260 2105 1322 2152 ita
1360 2104 1461 2151 irae
1501 2116 1778 2166 properum.
1801 2114 1841 2147 10

119 2173 335 2235 segniter
360 2187 446 2221 eae
471 2187 621 2221 voces
648 2181 907 2238 acceptae,
946 2188 1040 2222 non
1071 2188 1233 2222 amore
1262 2174 1310 2221 in
1334 2173 1574 2236 maritum,
1609 2170 1697 2219 sed
1721 2185 1783 2218 ne

121 2242 262 2291 Silius
290 2257 466 2291 summa
488 2242 688 2307 adeptus
712 2251 965 2307 sperneret
989 2243 1250 2292 adulteram
1278 2242 1539 2305 scelusque
1559 2242 1684 2289 inter
1704 2255 1781 2287 an-

122 2312 282 2375 cipitia
310 2311 562 2375 probatum
584 2314 714 2361 veris
743 2327 855 2362 mox
885 2314 1052 2373 pretiis
1080 2315 1370 2362 aestimaret.
1419 2326 1592 2360 nomen
1625 2318 1784 2359 tamen

119 2381 398 2430 matrimonii
430 2383 706 2447 concupivit
733 2382 794 2431 ob
822 2383 1192 2445 magnitudinem
1216 2382 1467 2443 infamiae,
1496 2382 1627 2429 cuius
1657 2378 1783 2444 apud

119 2450 353 2515 prodigos
378 2453 637 2501 novissima
664 2452 886 2516 voluptas
913 2460 1001 2501 est.
1052 2467 1143 2501 nec
1176 2452 1296 2501 ultra
1326 2457 1614 2515 exspectato
1642 2463 1840 2513 quam15

121 2519 226 2568 dum
252 2521 474 2569 sacrificii
503 2523 655 2583 gratia
685 2521 909 2577 Claudius
937 2522 1113 2571 Ostiam
1151 2522 1571 2586 proficisceretur,
1612 2524 1784 2566 cuncta

118 2591 383 2654 nuptiarum
411 2590 659 2639 sollemnia
689 2591 919 2640 celebrat.

224 2659 305 2709 27.
347 2659 482 2709 Haud
519 2675 619 2708 sum
647 2661 844 2723 ignarus
879 2660 1149 2709 fabulosum
1173 2661 1325 2708 visum
1362 2661 1420 2707 iri
1458 2664 1635 2706 tantum
1672 2655 1784 2703 ullis

121 2730 387 2778 mortalium
414 2730 686 2779 securitatis
713 2730 862 2778 fuisse
891 2731 937 2777 in
966 2731 1158 2778 civitate
1187 2730 1391 2778 omnium
1420 2738 1570 2791 gnara
1591 2733 1639 2774 et
1667 2724 1784 2773 nihil

123 2798 372 2861 reticente,
398 2799 567 2848 nedum
601 2797 846 2849 co'nsulem
883 2799 1180 2862 designatum
1219 2814 1323 2848 cum
1353 2811 1505 2846 uxore
1531 2794 1781 2860 principis,

123 2867 368 2929 praedicta
389 2868 483 2931 die,
511 2869 731 2918 adhibitis
758 2870 835 2933 qui
857 2868 1188 2931 obsignarent,
1217 2868 1348 2917 velut
1369 2863 1784 2930 suscipiendorum

124 2934 381 2986 liberorum
418 2953 558 2988 causa
601 2940 916 3001 convenisse,
966 2946 1106 3003 atque
1141 2938 1270 2987 illam
1307 2937 1498 2987 audisse
1538 2935 1823 2998 auspicums
