1976 3224
222 211 324 261 276
670 222 949 261 CORNELH
982 218 1185 261 ΤΑΟΙΤΙ
1212 224 1520 262 ANNALmM

221 353 388 401 hortos
419 353 621 401 exstruit
660 358 707 400 et
744 366 833 415 per
858 351 978 400 haec
1004 352 1275 402 suburbana
1306 353 1484 402 incedit
1512 362 1559 402 et
1586 357 1725 403 tantis
1753 370 1895 418 agro-

219 438 323 472 rum
355 424 549 486 spatiiS‚
581 429 675 470 tam
702 421 800 470 lato
827 421 1030 471 faenore
1065 421 1333 471 exuberat?
1360 438 1452 472 una
1477 423 1706 473 defensio⁴
1725 439 1894 475 occur·

218 495 304 556 rit,
333 492 461 559 quod
487 492 762 541 muneribus
788 493 880 541 tuis
909 491 1060 541 obniti
1084 507 1180 542 non
1206 492 1364 541 debui.

323 566 407 614 54.
443 563 540 612 Sed
574 570 779 627 uterque
815 578 1085 612 mensuram
1121 563 1436 628 inplevimuS,
1480 570 1528 611 et
1557 568 1637 626 tu,
1673 572 1896 629 quantum

218 636 449 699 princeps
479 632 688 683 tribuere
726 634 880 682 amico
920 642 1115 697 posset,
1158 641 1206 682 et
1242 648 1370 696 ege,
1412 639 1635 697 quantum
1661 635 1843 683 amicus
1871 651 1898 684 a

217 706 439 770 principe
467 708 721 768 accipere:
761 710 926 752 cetera
953 704 1176 752 invidiam
1201 711 1396 766 augent.
1455 718 1579 767 qua-e
1605 703 1823 769 quidem,
1850 712 1898 753 ut

219 776 374 824 omnia
405 775 651 836 mortalia,
691 774 811 821 infra
839 781 965 822 tuam
992 773 1364 837 magnitudinem
1389 774 1540 836 iacet,
1578 773 1666 822 sed
1691 774 1804 822 mihi
1830 776 1876 823 in

178 869 199 900 5
219 845 421 908 cumbit‚
457 844 568 893 mihi
605 843 984 893 subveniendum
1013 852 1100 893 est.
1160 858 1254 908 quo
1282 843 1426 892 modo
1450 846 1496 891 in
1523 844 1685 893 militia
1711 852 1791 894 aut
1821 845 1896 893 via

215 916 377 965 fessus
404 915 736 964 adminiculum
767 928 979 975 orarem,
1019 915 1081 963 ita
1118 916 1163 962 in
1190 914 1284 963 hoc
1309 915 1482 962 itinere
1513 914 1640 963 vitae
1667 929 1819 963 senex
1850 923 1898 963 et

215 986 472 1036 levissimis
517 999 713 1049 quoque
752 985 879 1032 curis
916 985 1081 1049 inpar,
1125 999 1229 1032 cum
1270 999 1392 1048 opes
1431 998 1563 1033 meas
1605 984 1728 1033 ultra
1755 987 1895 1033 susti-

161 1053 173 1056 ’”
215 1072 332 1105 nere
365 1071 462 1104 non
498 1057 709 1120 possim,
749 1053 1041 1119 praesidium
1076 1062 1207 1118 peto.
1269 1053 1381 1102 iube
1423 1069 1511 1119 per
1546 1062 1895 1119 procuratores

215 1134 325 1175 tuos
351 1127 695 1184 administrari,
731 1126 778 1172 in
814 1132 939 1174 tuam
975 1125 1214 1173 fortunam
1249 1125 1420 1188 recipi.
1478 1139 1570 1172 nec
1605 1126 1754 1172 mein
1780 1139 1894 1190 pau-

158 1214 200 1248 10
218 1204 454 1262 pertatem
486 1197 592 1261 ipse
628 1194 904 1258 detrudam,
942 1194 1029 1243 sed
1069 1195 1253 1244 traditis
1297 1209 1496 1260 quorum
1532 1193 1728 1257 fulgore
1754 1209 1894 1260 prae·

215 1268 454 1330 stringor,
498 1266 625 1331 quod
657 1266 891 1329 temporis
929 1265 1177 1314 hortorum
1219 1272 1297 1314 aut
1322 1264 1544 1313 villarum
1581 1279 1725 1314 curae
1750 1278 1894 1331 sepo·

213 1338 366 1399 nitur,
402 1339 450 1385 in
490 1339 692 1386 animum
724 1335 992 1385 revocabo.
1047 1343 1273 1400 superest
1306 1334 1394 1384 tibi
1430 1334 1579 1384 robur
1615 1342 1676 1383 et*
1701 1343 1774 1384 tot
1807 1350 1895 1401 per

215 1422 367 1457 annos
395 1408 548 1456 visum
574 1407 758 1470 fastigii
787 1408 1034 1470 regimen:
1066 1421 1320 1472 possumus
1347 1406 1568 1454 seniores
1598 1405 1735 1454 amici
1761 1407 1893 1470 quie·

212 1486 309 1527 tem
338 1493 624 1542 reposcere.
675 1477 773 1526 hoc
804 1491 997 1541 quoque
1034 1479 1080 1525 in
1110 1484 1236 1525 tuam
1262 1475 1469 1540 gloriam
1496 1474 1665 1538 cedet,
1710 1490 1797 1524 eos
1835 1474 1895 1524 ad

156 1563 198 1596 15
216 1563 395 1598 summa
420 1549 617 1596 vexisse
644 1549 723 1612 qui
751 1555 798 1595 et
824 1547 1013 1596 modica
1044 1547 1357 1596 tolerarent.'

320 1619 404 1669 55.
439 1617 517 1667 Ad
543 1633 667 1682 quae
691 1617 824 1666 Nero
851 1619 923 1666 sic
953 1617 1105 1666 ferme
1134 1616 1386 1681 respondit
1408 1618 1476 1666 ei:
1511 1615 1670 1681 equod
1698 1615 1894 1664 medita-

214 1698 294 1739 tae
329 1689 535 1738 orationi
569 1695 679 1737 tuae
718 1688 873 1736 statim
922 1702 1206 1749 occurram,
1255 1686 1300 1734 id
1340 1687 1541 1750 primum
1582 1686 1647 1734 tui
1684 1686 1893 1734 muneris

214 1759 403 1821 haben,
441 1759 518 1823 qui
554 1773 630 1806 me
660 1773 755 1806 non
794 1765 971 1806 tantum
998 1760 1222 1821 praevisa
1249 1755 1335 1804 sed
1362 1756 1517 1805 subita
1546 1754 1781 1820 expedire
1807 1755 1891 1804 do-

218 1831 371 1878 cuisti.
434 1828 614 1877 abavus
651 1843 785 1876 meus
812 1826 1061 1890 Augustus
1087 1827 1341 1892 Agrippae
1378 1835 1425 1875 et
1450 1825 1723 1876 Maecenati
1760 1840 1894 1874 usur·

174 1914 334 1966 5pare
375 1900 522 1948 otium
558 1906 669 1963 post
704 1897 901 1947 labores
942 1899 1215 1960 concessit,
1263 1896 1349 1945 sed
1388 1898 1435 1945 in
1483 1912 1540 1946 ea
1576 1897 1682 1961 ipse
1718 1902 1893 1958 aetate,

216 1971 349 2020 cuius
386 1970 652 2019 auctoritas
693 1975 910 2016 tueretur
936 1967 1165 2032 quidquid
1199 1966 1315 2016 illud
1352 1974 1398 2015 et
1435 1966 1784 2032 qualecumque
1813 1965 1890 2014 tri-

214 2041 422 2095 buisset:
467 2054 525 2088 ac
563 2047 720 2088 tamen
756 2046 975 2087 neutrum
1013 2038 1135 2087 datis
1171 2053 1197 2087 a
1225 2053 1278 2086 se
1304 2038 1530 2102 praemiis
1559 2037 1705 2085 exuit.
1760 2034 1888 2085 bell.

215 2118 263 2159 et
293 2110 526 2176 periculis
565 2117 864 2164 meruerant:
901 2110 948 2156 in
984 2110 1042 2157 iis
1070 2109 1194 2157 enim
1233 2109 1425 2156 iuventa
1460 2107 1668 2170 Augusti
1700 2112 1894 2154 versata

215 2188 305 2230 est.
357 2196 448 2228 nec
484 2179 595 2228 mihi
631 2179 727 2228 tela
757 2187 803 2227 et
830 2194 995 2227 manus
1028 2187 1138 2228 tuae
1164 2178 1433 2227 defuissent
1458 2177 1505 2224 in
1532 2177 1674 2224 armis
1700 2177 1892 2239 agenti:

157 2275 197 2308 10
216 2251 301 2300 sed
330 2250 457 2314 quod
486 2265 719 2314 praesens
750 2249 972 2298 condicio
1007 2249 1268 2314 poscebat,
1309 2248 1497 2296 ratione
1526 2245 1728 2295 consilio
1755 2259 1874 2310 prae

217 2322 373 2385 ceptis
403 2322 681 2383 pueritiam,
717 2319 827 2367 dein
853 2321 1093 2367 iuventam
1115 2332 1268 2368 meam
1294 2318 1475 2366 fovisti.
1527 2323 1574 2365 et
1600 2323 1679 2366 tua
1704 2314 1894 2380 quidem

216 2406 333 2453 erga
361 2405 436 2437 me
463 2405 683 2451 munera,
724 2389 831 2437 dum
864 2390 958 2436 vita
991 2397 1244 2454 suppetet,
1286 2395 1483 2436 aeterna
1511 2393 1679 2435 erunt:
1715 2400 1839 2450 quae
1865 2399 1892 2434 a

213 2476 289 2509 me
314 2460 490 2522 habeS,
517 2459 645 2508 horti
674 2466 722 2507 et
747 2459 915 2507 faenus
944 2466 989 2507 et
1012 2459 1178 2521 villae,
1209 2457 1399 2506 casibus
1428 2455 1641 2506 obnoxia
1667 2463 1788 2504 sunt.
1835 2469 1893 2503 ac

213 2531 329 2580 licet
379 2530 523 2578 multa
562 2529 839 2590 videantur,
897 2528 1119 2593 plerique
1161 2528 1525 2593 haudquaquam
1568 2526 1746 2575 artibus
1798 2525 1892 2574 tuis

155 2621 195 2654 15
218 2616 363 2666 pares
404 2601 541 2665 plura
569 2607 847 2662 tenuerunt,
887 2599 978 2646 nisi
1016 2599 1143 2647 forte
1182 2606 1262 2647 aut
1298 2606 1344 2647 te
1372 2597 1572 2647 Vitellio
1600 2603 1674 2645 ter
1705 2594 1892 2644 consuli

213 2679 290 2720 aut
315 2686 389 2719 me
420 2670 619 2719 Claudio
658 2671 946 2734 postpoiiiS‚
989 2677 1035 2717 et
1070 2677 1293 2733 quantum
1318 2667 1524 2717 Volusio
1564 2666 1711 2729 longa
1739 2665 1891 2729 parsi-

211 2743 369 2789 monia
407 2743 669 2804 quaesivit‚
720 2749 897 2788 tantum
935 2741 981 2787 in
1018 2747 1064 2788 te
1103 2754 1209 2788 mea
1253 2738 1520 2787 liberalitas
1557 2735 1760 2800 explere
1795 2749 1892 2784 non

212 2819 391 2874 potest.
443 2811 590 2874 pudet
608 2811 795 2858 referre
819 2811 1086 2873 libertinOS,
1110 2810 1189 2874 qui
1209 2809 1408 2858 ditiores
1431 2813 1736 2871 spectantur:
1764 2805 1889 2854 unde

214 2881 354 2928 etiam
381 2880 493 2928 mihi
531 2880 697 2940 rubori
737 2889 808 2928 est
840 2880 967 2944 quod
996 2881 1287 2945 praecipuus
1327 2879 1526 2927 caritate
1558 2874 1763 2924 nondum
1790 2889 1886 2925 om·

153 2969 196 3001 20
217 2966 302 2998 nes
331 2951 518 2998 fortuna
547 2950 817 2999 antecellis.
