1976 3224
543 212 713 249 LIBER
733 212 818 249 111.
843 211 966 260 OAP.
988 209 1188 253 62—67.
1618 198 1641 245 1
1652 199 1719 247 07

45 342 294 402 adiectOS,
325 341 434 403 quia
463 340 710 403 proprium
737 341 839 388 eius
869 340 1038 388 domus
1067 339 1389 387 sacerdotium
1427 343 1587 399 esset,
1627 350 1717 400 pro

45 426 141 476 qua
170 417 283 458 vota
309 410 724 477 persolverentur.
1730 423 1770 456 15

154 481 237 530 65.
285 476 503 542 Eksequi
543 479 804 527 sententias
851 478 975 526 haud
1017 478 1194 525 institui
1238 478 1328 525 nisi
1374 476 1586 538 insignes
1630 490 1720 538 per

46 550 300 598 honestum
335 555 414 596 aut
455 547 657 596 notabili
698 547 976 609 dedecore,
1021 547 1148 610 quod
1196 547 1509 610 praecipuum
1550 558 1718 592 munus

47 618 284 668 annalium
310 632 450 679 reor,
478 633 538 665 ne
567 619 767 665 virtutes
794 617 1052 678 sileantur,
1092 623 1239 679 utque
1274 616 1437 680 pravis
1473 614 1612 662 dictis
1649 613 1718 660 fa-

49 690 235 752 ctisque
263 702 324 735 ex
352 688 638 750 posteritate
667 694 715 734 et
744 686 935 734 infamia
962 693 1117 733 metus
1138 687 1214 733 sit.
1263 692 1477 733 ceterum
1497 690 1719 746 tempora

49 758 131 807 illa
163 757 286 806 adeo
313 757 490 805 infecta
517 763 564 803 et
599 755 873 804 adulatione
914 755 1109 804 sordida
1148 755 1316 816 fuere,
1358 761 1409 801 ut
1442 766 1538 800 non
1573 751 1717 800 modo
1737 752 1757 784 ⁵

50 828 287 892 primores
317 826 540 887 civitatis,
570 824 741 888 quibus
769 825 1004 873 claritudo
1032 839 1118 872 sua
1145 824 1395 887 obsequiis
1416 820 1720 886 protegenda

47 904 169 958 erat,
197 895 285 945 sed
311 909 476 943 omnes
503 893 802 955 consulares,
832 908 1002 956 magna
1028 908 1144 957 pars
1173 907 1339 941 eorum
1379 893 1458 956 qui
1493 887 1720 954 praetura

45 967 193 1015 functi
218 965 447 1029 multique
477 965 618 1012 etiam
644 963 829 1027 pedarii
858 970 1112 1011 senatores
1142 962 1359 1010 certatim
1398 966 1722 1022 exsurgerent

46 1036 287 1099 foedaque
325 1042 373 1083 et
406 1034 547 1081 nimia
588 1040 862 1081 censerent.
920 1033 1180 1080 memoriae
1216 1031 1433 1095 proditur
1458 1029 1718 1090 Tiberium,

46 1107 269 1170 quotiens
297 1105 429 1152 curia
462 1102 810 1165 egrederetur,
849 1100 1048 1150 Graecis
1082 1100 1246 1149 verbis
1287 1102 1334 1148 in
1369 1100 1494 1148 hunc
1528 1099 1778 1147 modum10

48 1175 211 1238 eloqui
249 1173 439 1221 solitum
479 1174 541 1220 ‘o
568 1171 784 1219 homines
822 1171 880 1219 ad
918 1171 1199 1218 servitutem
1239 1168 1492 1233 paratos!'
1529 1167 1722 1216 scilicet

30 1237 189 1293 'etiam
213 1243 371 1303 illum,
410 1243 489 1305 qui
530 1240 803 1288 libertatem
846 1239 1087 1303 publicam
1124 1239 1302 1302 nollet,
1339 1246 1433 1287 tam
1468 1238 1719 1301 proiectae

47 1314 358 1361 servientium
382 1310 643 1375 patientiae
669 1309 914 1358 taedebat.

153 1382 235 1431 66.
276 1381 507 1430 Paulatim
534 1379 708 1427 dehinc
735 1378 794 1427 ab
821 1378 1065 1427 indecoris
1094 1378 1153 1427 ad
1179 1377 1354 1426 infesta
1389 1376 1717 1438 transgredie-

47 1453 232 1501 bantur.
295 1449 350 1498 C.
407 1449 615 1498 Silanum
670 1462 758 1511 pro
795 1447 994 1495 consule
1041 1448 1214 1509 Asiae,
1266 1444 1638 1509 repetundarum
1695 1459 1721 1492 a

48 1523 194 1571 sociis
220 1518 534 1584 postulatum,
561 1517 829 1566 Mamercus
858 1519 1069 1566 Scaurus
1098 1533 1124 1564 e
1158 1514 1518 1576 consularibus,
1561 1513 1719 1572 Iunius

49 1590 174 1639 Otho
214 1595 438 1655 praetor,
470 1587 740 1636 Bruttedius
766 1585 919 1648 Niger
957 1587 1128 1635 aedilis
1166 1585 1305 1633 simul
1345 1585 1608 1647 corripiunt
1634 1582 1718 1630 ob-

49 1662 329 1723 iectantque*
350 1657 578 1705 violatum
604 1655 810 1723 Augusti
835 1671 1024 1717 numen,
1051 1663 1261 1720 spretam
1288 1653 1470 1702 Tiberii
1495 1654 1717 1700 maiesta-
1739 1673 1758 1703 5

48 1737 160 1790 tem,
183 1728 454 1776 Mamercus
474 1727 664 1790 antiqua
686 1725 911 1789 exempla
931 1726 1130 1786 iacienS,
1154 1725 1204 1772 L.
1231 1722 1420 1772 Cottam
1443 1738 1468 1771 a
1487 1722 1717 1784 Scipione

50 1798 299 1857 Africano,
329 1796 547 1844 Servium
573 1794 770 1843 Galbam
797 1809 823 1843 a
851 1792 1036 1843 Catone
1063 1795 1317 1855 censorin,
1354 1792 1406 1843 P.
1435 1791 1662 1839 Rutilium
1692 1804 1719 1838 a

50 1866 114 1916 M.
144 1868 328 1915 Scauro
360 1871 631 1913 accusatos.
685 1863 914 1911 videlicet
940 1865 1105 1927 Scipio
1138 1871 1186 1911 et
1213 1861 1333 1911 Cato
1361 1861 1472 1909 talia
1511 1860 1716 1908 ulcisce-

50 1937 247 1996 bantur,
287 1941 367 1983 aut
400 1933 483 1981 ille
519 1933 756 1995 Scaurus,
796 1947 937 1995 quem
972 1947 1203 1996 proavum
1243 1946 1376 1980 suum
1404 1928 1717 1993 obprobrium

50 2007 281 2054 maiorum
307 2002 576 2052 Mamercus
612 2002 771 2049 infami
808 2015 957 2064 opera
985 2000 1351 2050 dehonestabat.
1405 1998 1539 2047 Iunio
1570 1996 1714 2045 Otho·
1735 2013 1776 2045 ιο

51 2076 97 2123 ni
131 2075 392 2124 literarium
437 2071 595 2120 ludum
646 2085 883 2119 exercere
929 2078 1066 2118 vetus
1110 2085 1187 2118 ars
1233 2069 1344 2116 fuit:
1395 2081 1508 2115 mox
1557 2066 1719 2114 Seiani

52 2146 267 2210 potentia
294 2149 489 2191 senator
514 2141 719 2189 obscura
743 2140 874 2188 initia
905 2138 1258 2203 impudentibus
1281 2138 1407 2186 ausis
1434 2135 1716 2199 propollue-

51 2214 147 2262 bat.
189 2212 483 2262 Bruttedium
510 2210 691 2258 artibus
717 2209 934 2257 honestis
962 2210 1211 2272 copiosum
1240 2214 1314 2268 et,
1349 2206 1390 2253 si
1416 2213 1600 2253 rectum
1625 2204 1719 2251 iter

52 2290 308 2347 pergeret,
351 2280 407 2328 ad
436 2279 698 2328 clarissima
725 2293 945 2342 quaeque
985 2279 1154 2326 iturum
1189 2275 1430 2324 festinatio
1469 2273 1716 2322 extimula-

52 2353 159 2414 bat,
187 2352 294 2401 dum
318 2349 562 2414 aequalis,
592 2348 701 2396 dein
727 2345 1034 2411 superiores,
1073 2353 1321 2411 postremo
1363 2350 1574 2392 suasmet
1609 2344 1716 2406 ipse
1736 2358 1775 2390 1⁵

53 2436 167 2486 spes
196 2422 376 2470 anteire
408 2426 570 2483 parat:
607 2417 733 2481 quod
759 2417 933 2465 multos
967 2418 1108 2465 etiam
1143 2415 1298 2463 bonos
1338 2427 1531 2478 pessum
1570 2411 1718 2471 dedit,

55 2492 135 2554 qui
161 2490 336 2554 spretis
365 2502 486 2552 quae
518 2487 651 2535 tarda
689 2502 792 2534 cum
829 2487 1118 2547 securitate,
1157 2490 1459 2549 praematura
1494 2480 1574 2528 vel
1613 2493 1720 2526 cum

57 2561 201 2608 exitio
234 2564 510 2624 properant.
1615 2555 1620 2560 ’

156 2630 238 2679 67.
277 2628 474 2675 Auxere
511 2639 755 2673 numerum
795 2629 1128 2671 accusatorum
1162 2619 1346 2669 Gellius
1381 2617 1632 2666 Publicola
1670 2621 1720 2663 et

54 2696 120 2746 M.
144 2697 407 2757 PaconiuS,
439 2695 520 2743 ille
549 2701 777 2758 quaestor
804 2692 980 2751 Silani,
1019 2690 1096 2737 hic
1130 2689 1333 2751 legatus.
1395 2702 1488 2734 nec
1527 2684 1719 2734 dubium

56 2765 321 2815 habebatur
358 2765 587 2813 saevitiae
625 2769 965 2826 captarumque
1010 2760 1317 2822 pecuniarum
1360 2753 1514 2803 teneri
1556 2768 1715 2802 reum:

58 2835 144 2883 sed
179 2835 321 2884 multa
368 2833 722 2897 adgerebantur
769 2831 908 2877 etiam
952 2826 1215 2875 insontibus
1260 2824 1565 2889 periculosa,
1612 2837 1717 2871 cum

60 2918 206 2967 super
232 2911 301 2952 tot
337 2911 587 2951 senatores
624 2901 856 2949 adversos
893 2896 1243 2945 facundissimis
1276 2895 1421 2942 totius
1452 2892 1600 2940 Asiae
1636 2906 1713 2939 eo·
1736 2911 1757 2942 ⁵
