1976 3224
213 201 283 248 44
629 210 901 249 CORNELII
936 210 1129 248 TACrrr
1165 213 1469 251 ANNALIUM

175 338 399 392 sfacilius
435 338 606 386 fluctus
645 338 934 395 tolerarent3
975 340 1206 403 quaedam
1245 341 1417 404 planae
1457 344 1660 404 carinis,
1697 351 1746 392 ut
1780 345 1885 393 siue

209 423 340 461 noxa
368 407 604 463 siderent;
643 408 810 471 plures
841 408 1074 472 adpositis
1101 411 1337 474 utrimque
1360 411 1732 476 gubernaculiS,
1773 429 1884 462 con-

207 491 355 530 verso
392 485 441 525 ut
475 485 678 541 repente
703 478 906 540 remigio
934 478 1045 527 hinc
1069 479 1147 527 vel
1181 479 1313 528 illinc
1341 480 1666 545 adpellerent;
1709 483 1885 532 multae

210 547 436 615 pontibus
462 554 641 596 stratae
661 583 675 608 ,
704 562 851 610 super
879 562 997 611 quas
1026 555 1262 597 tormenta
1287 550 1606 615 veherentur,
1641 553 1777 600 simul
1802 567 1883 616 ap-

210 628 287 668 tae
322 617 538 665 ferendis
569 618 705 680 equis
735 625 812 665 aut
839 620 1148 674 commeatui;
1184 619 1308 667 velis
1334 619 1549 684 habiles,
1588 624 1713 670 citae
1739 625 1885 670 remis

146 708 192 741 10
209 687 508 751 augebantur
542 686 789 735 alacritate
827 687 1023 735 militum
1059 689 1106 735 in
1143 690 1361 751 speciem
1397 705 1455 739 ac
1500 698 1754 740 terrorem.
1815 693 1883 740 in·

208 759 312 808 sula
337 757 625 805 Batavorum
659 757 707 804 in
746 771 886 820 quam
923 759 1237 822 convenirent
1272 760 1546 823 praedicta,
1601 761 1663 809 ob
1708 761 1885 810 faciles

207 827 436 892 adpulsus
474 826 869 891 accipiendisque
904 828 1059 890 copiis
1095 835 1143 875 et
1176 830 1583 878 transmittendum
1621 831 1679 879 ad
1705 830 1885 879 bellum

207 904 465 963 oportuna.
538 911 645 944 nam
679 895 877 944 Rhenus
919 911 1014 944 uno
1065 897 1206 946 alveo
1257 901 1507 947 continuus
1551 909 1630 949 aut
1667 900 1885 949 modicas

204 966 385 1016 insulas
427 967 811 1014 circumveniens
849 965 974 1030 apud
1012 968 1297 1031 principium
1337 969 1440 1031 agri
1467 968 1634 1018 Batavi
1666 971 1799 1018 velut
1837 972 1884 1018 in

145 1051 188 1085 15
207 1038 329 1086 duos
372 1050 538 1084 amnes
572 1034 820 1098 dividitur,
868 1043 1128 1100 servatque
1171 1052 1345 1086 nomen
1381 1045 1429 1086 et
1466 1039 1742 1088 violentiam
1778 1055 1882 1087 cur·

204 1122 319 1168 suS‚
359 1121 452 1170 qua
478 1105 778 1154 Germaniam
806 1105 1146 1168 praevehitur‚
1185 1106 1345 1155 donec
1371 1106 1566 1157 Oceano
1599 1110 1882 1158 misceatur:

204 1177 263 1227 ad
285 1176 516 1226 Gallicam
535 1175 690 1238 ripam
715 1174 859 1223 latior
881 1183 928 1223 et
947 1175 1185 1240 placidior
1207 1177 1422 1225 adfluens
1439 1205 1510 1215 —
1528 1193 1674 1227 verso
1698 1193 1882 1242 cogno·

201 1254 364 1295 mento
382 1244 617 1294 Vahalem
638 1244 840 1292 accolae
857 1244 1017 1293 dicunt
1041 1274 1137 1307 ——,
1166 1261 1278 1294 mox
1302 1247 1348 1294 id
1374 1262 1568 1312 quoque
1594 1248 1882 1297 vocabulum

201 1323 349 1365 mutat
374 1315 512 1363 Mosa
552 1314 743 1362 flumine
779 1315 978 1378 eiusque
1019 1317 1238 1364 inmenso
1282 1331 1368 1364 ore
1409 1317 1612 1373 eundem
1651 1319 1697 1366 in
1728 1317 1882 1367 Ocea·

143 1397 188 1431 20
206 1401 314 1434 num
342 1384 610 1433 effunditur.
1820 1426 1822 1428 ,

312 1457 360 1504 7.
414 1453 511 1502 Sed
550 1452 762 1517 Caesar,
809 1454 916 1502 dum
955 1455 1206 1516 adiguntur
1244 1471 1419 1518 naveS‚
1467 1457 1630 1506 Silium
1674 1458 1880 1520 legatum

205 1542 312 1575 cum
338 1523 563 1589 expedita
591 1539 729 1571 manu
756 1526 1075 1588 inruptionem
1100 1525 1146 1571 in
1175 1524 1374 1574 Chattos
1400 1527 1566 1575 facere
1591 1526 1746 1583 iubet:
1774 1529 1881 1591 ipse

201 1595 364 1645 audito
403 1592 652 1642 castellum
681 1592 861 1658 Lupiae
900 1594 1076 1642 flumini
1110 1594 1376 1659 adpositum
1409 1596 1653 1658 obsideri,
1689 1611 1778 1644 sex
1813 1597 1880 1645 le-

200 1667 376 1729 giones
415 1678 475 1712 eo
514 1663 663 1711 duxit.
726 1679 884 1727 neque
913 1664 1034 1713 Silio
1073 1664 1141 1724 oh
1163 1664 1347 1713 subitos
1373 1666 1549 1714 imbres
1575 1666 1701 1715 aliud
1726 1674 1881 1714 actum

166 1748 188 1780 5
207 1749 347 1799 quam
386 1740 433 1780 ut
458 1733 692 1781 modicam
722 1733 947 1796 praedam
977 1741 1024 1781 et
1050 1733 1172 1796 Arpi
1202 1737 1433 1799 principis
1463 1734 1740 1784 Chattorum
1766 1751 1879 1784 con-

201 1807 361 1867 iugem
399 1803 642 1866 filiamque
678 1810 901 1865 raperet,
939 1818 1099 1866 neque
1127 1802 1327 1852 Caesari
1356 1806 1542 1869 copiam
1572 1820 1765 1869 pugnae
1793 1820 1879 1869 op-

201 1888 427 1923 sessores
466 1873 659 1935 fecere,
694 1871 752 1920 ad
787 1872 959 1921 famam
996 1873 1227 1922 adventus
1266 1875 1369 1922 eius
1409 1875 1606 1940 dilapsi:
1654 1875 1882 1923 tumulum

200 1952 358 1992 tamen
395 1957 548 2006 nuper
578 1942 799 1990 Varianis
837 1942 1112 2005 legionibus
1151 1950 1380 1991 structum
1417 1953 1464 1992 et
1502 1953 1716 1993 veterem
1750 1960 1881 1993 aram

198 2013 357 2062 Druso
386 2013 522 2060 sitam
549 2011 855 2060 disiecerant.
905 2014 1112 2060 restituit
1141 2028 1270 2061 aram
1285 2013 1556 2078 honorique
1586 2016 1734 2078 patris
1752 2016 1878 2078 prin·

140 2099 184 2133 10
204 2098 323 2147 ceps
350 2084 456 2147 ipse
495 2097 599 2130 cum
641 2081 915 2144 legionibus
955 2082 1252 2138 decucurrit;
1294 2084 1517 2131 tumulum
1552 2085 1730 2132 iterare
1755 2083 1879 2131 haud

200 2155 370 2202 visum.
429 2159 479 2200 et
505 2159 675 2200 cuncta
702 2153 826 2199 inter
854 2152 1105 2200 castellum
1132 2151 1383 2201 Alisonem
1411 2169 1467 2200 ac
1492 2153 1708 2201 Rhenum
1738 2154 1880 2200 novis

200 2222 427 2271 limitibus
456 2221 816 2284 aggeribusque
845 2223 1126 2284 permunita.

307 2291 354 2340 8.
391 2291 587 2353 Iamque
629 2290 800 2338 classis
840 2290 1123 2352 advenerat,
1165 2306 1269 2338 cum
1306 2293 1571 2355 praemisso
1612 2299 1878 2340 commeatu

200 2369 248 2410 et
281 2360 544 2408 distributis
570 2360 616 2406 in
643 2359 867 2421 legiones
897 2376 954 2408 ac
986 2361 1150 2407 socios
1176 2360 1375 2409 navibus
1405 2361 1585 2408 fossam
1608 2398 1621 2421 ‚
1655 2362 1730 2409 cui
1756 2360 1876 2409 Dru·

199 2432 365 2479 sianae
403 2443 600 2491 nomen,
638 2430 888 2491 ingressus
928 2436 1249 2493 precatusque
1287 2429 1492 2478 Drusum
1530 2437 1712 2494 patrem
1750 2438 1798 2478 ut
1820 2445 1875 2478 se

200 2499 368 2549 eadem
411 2513 574 2547 ausum
613 2497 769 2546 libens
806 2498 1120 2562 placatusque
1157 2500 1383 2562 exemplo
1419 2515 1475 2548 ac
1505 2501 1731 2548 memoria
1762 2513 1874 2548 con-

153 2584 175 2615 s
200 2570 412 2618 siliorum
442 2576 583 2632 atque
611 2582 811 2631 operum
838 2568 1042 2631 iuvaret,
1083 2568 1217 2616 lacus
1243 2569 1351 2617 inde
1382 2577 1429 2616 et
1456 2568 1696 2618 Oceanum
1723 2583 1875 2632 usque

197 2639 257 2687 ad
281 2640 510 2687 Amisiam
546 2637 720 2685 flumen
758 2637 969 2686 secunda
1004 2639 1311 2700 navigatione
1350 2639 1642 2702 pervehitur.
1703 2638 1875 2686 classis

196 2710 411 2757 Amisiae
438 2708 609 2756 relicta
636 2706 778 2755 laevo
807 2722 971 2770 amne,
999 2715 1301 2772 erratumque
1329 2709 1374 2755 in
1402 2723 1459 2755 eo
1489 2707 1615 2771 quod
1640 2722 1734 2755 non
1763 2707 1872 2755 sub-

198 2779 327 2826 vexit
348 2785 437 2827 ant
455 2778 754 2839 transposuit
775 2777 971 2825 militem
994 2776 1189 2825 dextras
1211 2779 1255 2825 in
1277 2785 1430 2826 terras
1458 2779 1650 2832 iturum:
1686 2778 1748 2825 ita
1771 2777 1871 2840 plu-

198 2861 278 2894 res
308 2847 409 2894 dies
436 2846 706 2913 efficiendis
729 2846 954 2909 pontibus
983 2845 1233 2909 absumpti.
1283 2854 1330 2894 et
1350 2861 1500 2910 eques
1521 2846 1705 2910 quidem
1727 2861 1784 2894 ac
1804 2846 1871 2894 le-

136 2917 372 2980 1ogiones
397 2917 547 2980 prima
575 2917 840 2976 aestuaria,
883 2915 1089 2963 nondum
1116 2915 1433 2964 adcrescente
1462 2914 1611 2979 unda,
1649 2915 1872 2980 intrepidi
