1976 3224
189 183 256 234 66
600 194 876 232 CORNELII
909 194 1102 231 TACITI
1137 194 1443 232 ANNALIUM

187 336 309 371 mam
344 322 625 386 provinciae
662 320 846 369 redacti
887 321 944 382 Q.
985 322 1241 370 Veranium
1268 321 1478 383 legatum
1504 335 1771 385 accepere;
1814 327 1863 370 et

130 406 171 438 15
189 390 422 456 quaedam
459 406 521 439 ex
559 390 711 453 regiis
745 389 933 439 tributis
972 389 1237 453 deminuta,
1277 404 1371 454 quo
1414 390 1568 438 mitius
1595 390 1861 440 Romanum

187 462 436 524 imperium
466 467 761 524 speraretur.
818 458 1156 523 Commagenis
1177 460 1236 520 Q.
1259 460 1503 507 Servaeus
1527 461 1859 524 praeponitur,

186 538 283 578 tum
311 531 513 594 primum
539 528 598 578 ad
625 530 696 577 ius
727 531 967 593 praetoris
991 529 1251 580 translatis.

293 600 376 648 57.
438 598 716 663 Cunctaque
764 599 964 647 socialia
1014 613 1252 663 prospere
1296 599 1563 662 composita
1606 611 1704 646 non
1750 597 1861 646 ideo

188 669 363 718 laetum
408 667 739 718 Germanicum
789 667 1031 716 habebant
1081 667 1144 717 ob
1199 668 1471 732 superbiam
1516 667 1732 730 PisoniS,
1783 667 1862 731 qui

187 739 345 787 iussus
376 745 563 802 partem
599 737 847 801 legionum
873 739 978 802 ipse
1006 744 1086 786 aut
1118 753 1207 802 per
1231 738 1375 786 filium
1404 739 1451 785 in
1477 737 1751 785 Armeniam
1780 736 1861 785 du-

188 822 303 856 cere
345 815 593 872 utrumque
627 807 929 870 neglexerat.
994 806 1133 868 Cyrri
1169 806 1352 856 demum
1392 807 1517 871 apud
1546 805 1745 855 hiberna
1779 805 1860 854 de-

144 902 165 935 5
188 891 352 927 cumae
389 877 601 939 legionis
628 891 930 940 convenere,
959 877 1143 925 firmato
1172 877 1333 940 vultu,
1365 876 1477 926 Piso
1504 877 1737 925 adversus
1763 891 1861 924 me-

185 954 308 1010 tum,
347 945 686 1009 Germanicus,
723 961 784 994 ne
823 946 989 995 minari
1028 945 1332 1003 crederetur;
1369 953 1417 994 et
1441 953 1571 1009 erat,
1608 952 1658 993 ut
1683 945 1861 1008 rettuli,

186 1017 486 1065 clementior.
559 1015 646 1064 sed
683 1016 819 1064 amici
854 1015 1176 1065 accendendis
1213 1016 1561 1066 offensionibus
1599 1014 1758 1063 callidi
1793 1015 1860 1063 in-

184 1085 385 1135 tendere
415 1101 558 1148 vera,
587 1085 826 1148 adgerere
853 1086 976 1135 falsa
1002 1087 1253 1150 ipsumque
1281 1093 1330 1134 et
1359 1085 1632 1134 Plancinam
1661 1092 1709 1132 et
1734 1084 1860 1133 filios

184 1156 331 1204 variis
370 1154 525 1203 modis
574 1155 828 1204 criminari.
898 1162 1146 1220 postremo
1187 1156 1356 1219 paucis
1392 1155 1693 1204 familiarium
1732 1153 1859 1203 adhi-

127 1248 168 1282 10
183 1224 296 1274 bitis
333 1239 494 1273 sermo
534 1232 738 1289 coeptus
777 1240 805 1274 a
841 1223 1080 1288 Caesare,
1125 1224 1313 1290 qualem
1346 1226 1416 1274 ira
1452 1232 1500 1273 et
1547 1223 1860 1272 dissimulatio

184 1295 366 1358 gignit,
404 1309 693 1359 responsum
721 1309 747 1343 a
777 1294 955 1343 Pisone
991 1293 1220 1359 precibus
1258 1294 1642 1351 contumacibus;
1680 1293 1860 1342 disces-

185 1371 448 1427 seruntque
475 1365 654 1428 apertis
681 1363 819 1412 odiis.
863 1372 975 1428 post
1000 1379 1123 1428 quae
1151 1379 1289 1413 rarus
1316 1365 1363 1412 in
1386 1363 1610 1412 tribunali
1633 1361 1860 1412 Caesaris

182 1433 323 1497 Piso,
361 1440 409 1481 et
436 1434 473 1481 si
503 1433 690 1497 quando
723 1433 987 1497 adsideret,
1028 1441 1167 1482 atrox
1196 1449 1253 1482 ac
1279 1434 1534 1482 dissentire
1561 1433 1858 1482 manifestus.

181 1518 281 1552 vox
318 1517 510 1568 quoque
548 1503 651 1552 eius
691 1503 846 1553 audita
882 1511 958 1553 est
990 1504 1038 1552 in
1075 1505 1326 1567 convivio,
1374 1519 1479 1552 cum
1523 1502 1648 1568 apud
1691 1516 1860 1565 regem

125 1592 165 1624 15
181 1571 538 1622 Nabataeorum
591 1587 804 1622 coronae
853 1587 1031 1623 aureae
1074 1587 1250 1636 magno
1298 1572 1517 1638 pondere
1556 1571 1753 1621 Caesari
1811 1578 1860 1619 et

182 1641 511 1707 Agrippinae,
546 1642 682 1691 leves
702 1642 864 1692 Pisoni
893 1650 942 1692 et
962 1643 1139 1691 ceteris
1161 1643 1475 1704 offerrentur,
1509 1641 1742 1707 principis
1761 1641 1858 1690 Ro-

182 1712 330 1774 mani,
369 1726 463 1759 non
486 1712 649 1761 Parthi
673 1713 807 1775 regis
836 1712 935 1761 filio
961 1727 1045 1760 eas
1068 1713 1238 1776 epulas
1264 1711 1389 1769 dari;
1419 1711 1693 1775 abiecitque
1721 1710 1859 1759 simul

185 1795 412 1829 coronam
453 1788 500 1829 et
533 1781 678 1830 multa
713 1782 760 1830 in
795 1782 954 1830 luxum
993 1781 1194 1846 addidit,
1235 1796 1358 1846 quae
1385 1782 1668 1831 Germanico
1699 1795 1857 1845 quam-

183 1865 322 1915 quam
349 1850 527 1900 acerba
551 1850 881 1900 tolerabantur
906 1860 1081 1901 tamen.

292 1918 375 1970 58.
414 1918 546 1968 Inter
580 1935 704 1985 quae
738 1921 797 1970 ab
836 1937 958 1984 rege
988 1920 1270 1970 Parthorum
1306 1921 1553 1970 Artabano
1590 1921 1738 1983 legati
1774 1935 1857 1968 ve-

181 2004 314 2038 nere.
374 1990 571 2039 miserat
608 1991 860 2039 amicitiam
896 2006 954 2039 ac
986 1990 1159 2039 foedus
1184 1999 1559 2053 memoraturOS,
1598 1997 1646 2039 et
1677 2004 1858 2054 cupere

180 2059 408 2107 renovari
454 2059 677 2124 dextraS‚
734 2059 1045 2124 daturumque
1093 2061 1267 2109 honori
1303 2060 1572 2111 Germanici
1621 2068 1671 2108 ut
1704 2060 1858 2123 ripam

180 2127 440 2191 Euphratis
485 2129 769 2179 accederet:
820 2138 991 2194 petere
1041 2130 1227 2179 interim
1262 2145 1322 2178 ne
1363 2132 1594 2179 Vonones
1638 2130 1684 2176 in
1718 2129 1856 2176 Suria

145 2197 439 2246 5haberetur
483 2214 575 2246 neu
619 2214 856 2263 proceres
892 2200 1102 2261 gentium
1140 2199 1423 2264 propinquis
1458 2200 1629 2247 nuntiis
1666 2197 1725 2246 ad
1761 2196 1854 2246 dis·

182 2266 372 2314 cordias
411 2268 638 2316 traheret.
697 2268 758 2317 ad
799 2284 855 2317 ea
895 2268 1202 2317 Germanicus
1247 2268 1306 2317 de
1344 2270 1578 2318 societate
1614 2268 1854 2316 Romano·

178 2349 281 2383 rum
306 2335 684 2401 Parthorumque
714 2337 995 2400 magnifice,
1037 2337 1096 2385 de
1134 2338 1338 2386 adventu
1374 2339 1508 2400 regis
1547 2345 1593 2386 et
1625 2337 1754 2385 cultu
1782 2337 1855 2385 sui

181 2420 286 2453 cum
328 2404 507 2454 decore
543 2421 601 2454 ac
636 2407 869 2455 modestia
922 2406 1188 2471 respondit.
1257 2408 1491 2456 Vonones
1531 2407 1852 2470 Pompeiopo-

179 2475 260 2523 lim
288 2473 485 2523 Ciliciae
511 2477 788 2525 maritimam
814 2475 979 2524 urbem
1007 2484 1190 2525 amotus
1216 2483 1304 2524 est.
1350 2476 1506 2526 datum
1528 2476 1573 2524 id
1593 2490 1688 2524 non
1708 2475 1851 2524 modo

123 2562 162 2594 10
179 2543 406 2609 precibus
441 2543 674 2594 Artabani
710 2545 796 2594 sed
837 2546 1154 2594 contumeliae
1183 2546 1397 2609 PisoniS,
1436 2547 1510 2594 cui
1553 2546 1851 2608 gratissimus

180 2621 282 2663 erat
307 2613 367 2662 ob
396 2614 598 2678 plurima
624 2615 785 2664 officia
811 2622 860 2663 et
885 2615 1023 2679 dona,
1053 2615 1220 2680 quibus
1248 2616 1520 2665 Plancinam
1550 2615 1848 2663 devinxerat.

284 2684 366 2733 59.
404 2684 466 2733 Μ.
497 2684 659 2735 Silano
689 2685 740 2734 L.
778 2684 1009 2734 Norbano
1038 2685 1316 2734 consulibus
1342 2685 1649 2735 Germanicus
1681 2684 1847 2747 Aegy-

177 2762 305 2816 ptum
344 2755 667 2817 proficiscitur
702 2754 1076 2817 cognoscendae
1111 2757 1415 2819 antiquitatis.
1478 2753 1564 2802 sed
1595 2769 1706 2802 cura
1738 2768 1848 2817 pro-

176 2823 362 2870 vinciae
386 2824 811 2886 praetendebatur,
848 2824 1123 2889 levavitque
1148 2826 1327 2889 apertis
1351 2824 1540 2872 horreis
1568 2824 1721 2887 pretia
1751 2823 1847 2871 fru-

176 2906 287 2953 gum
325 2892 563 2956 multaque
604 2895 649 2941 in
691 2893 865 2955 vulgus
905 2901 1041 2955 grata
1080 2895 1352 2958 usurpavit:
1391 2893 1495 2941 sine
1532 2893 1679 2944 milite
1717 2893 1843 2941 ince-
