1976 3224
227 134 325 184 136
657 146 930 185 communi
955 147 1147 186 TAcrr1
1168 150 1475 188 ANNALmM

222 274 269 320 in
299 272 460 321 luxum
485 280 531 320 et
568 274 720 337 raptis
749 277 964 340 opulenti
991 278 1210 340 omittere
1246 278 1507 342 stationeS,
1543 278 1743 330 lascivia
1781 296 1898 346 epu·

222 343 372 391 larum
413 349 493 391 aut
528 357 694 391 somno
719 353 764 393 et
790 347 899 394 vino
941 345 1280 410 procumbere.
1331 347 1477 408 igitur
1511 347 1680 397 hostes
1714 351 1899 401 incuria

223 427 387 460 eorum
417 420 653 477 conperta
684 414 776 462 duo
805 417 993 478 agmina
1026 422 1218 480 parant,
1258 429 1457 480 quorum
1498 417 1652 467 altero
1693 420 1896 484 popula-

223 491 356 530 tores
387 483 748 546 invaderentur,
779 486 857 533 alii
889 493 1043 533 castra
1067 486 1281 534 Romana
1308 484 1656 550 adpugnarent,
1685 503 1780 536 non
1807 504 1898 554 spe

90 593 98 600 .
166 566 206 598 10
227 552 466 616 capiendi,
497 551 582 600 sed
610 560 658 600 ut
687 554 917 618 clamore,
946 554 1055 602 telis
1086 571 1172 604 suo
1207 556 1410 619 quisque
1442 557 1661 620 periculo
1689 559 1896 607 intentus

223 636 449 670 sonorem
478 622 876 688 alterius-proelii
903 639 995 672 non
1023 626 1287 690 acciperet.
1346 625 1578 674 tenebrae
1596 628 1795 690 insuper
1815 627 1895 676 de-

222 692 380 740 lectae
419 691 684 754 augendam
726 693 784 742 ad
825 693 1141 743 formidinem.
1196 693 1282 742 sed
1321 695 1398 758 qui
1437 694 1613 743 vallum
1650 695 1898 760 legionum

221 761 543 825 temptabant,
578 762 722 810 facile
748 763 1017 828 pelluntur;
1051 764 1319 813 Thraecum
1346 764 1521 813 auxilia
1548 769 1803 830 repentino
1829 766 1896 814 in-

224 847 363 879 cursu
392 832 582 894 territa,
616 847 720 880 cum
749 848 861 898 pars
896 833 1235 894 munitionibus
1273 833 1571 898 adiacerent,
1612 834 1777 899 plures
1814 850 1896 884 ex-

167 917 206 949 15
224 909 295 949 tra
338 899 638 966 palarentur,
692 911 821 951 tanto
861 903 1092 951 infensius
1139 905 1292 966 caesi,
1340 911 1517 967 quanto
1565 903 1800 968 perfugae
1852 913 1899 954 et

225 971 500 1035 proditores
531 971 660 1019 ferre
697 987 823 1021 arma
861 973 917 1021 ad
952 989 1082 1020 suum
1121 974 1402 1038 patriaeque
1438 974 1683 1022 servitium
1710 975 1893 1022 incusa-

223 1041 408 1089 bantur.

328 1111 412 1160 49.
443 1110 646 1159 Postera
677 1111 752 1160 die
789 1111 995 1160 Sabinus
1030 1113 1294 1161 exercitum
1327 1126 1486 1176 aequo
1520 1112 1633 1161 loco
1672 1113 1898 1178 ostendit,

223 1182 262 1228 si
288 1179 480 1229 barbari
507 1196 737 1230 successu
760 1182 917 1230 noctis
941 1183 1130 1231 alacres
1150 1181 1388 1246 proelium
1410 1181 1656 1230 auderent.
1696 1189 1744 1230 et
1762 1189 1895 1247 post-

225 1265 361 1314 quam
394 1250 599 1299 castello
628 1259 706 1300 aut
731 1252 999 1301 coniunctis
1026 1251 1221 1311 tumulis
1241 1266 1337 1300 non
1364 1251 1785 1315 degrediebantur,
1813 1251 1896 1300 ob-

223 1320 389 1368 sidium
428 1321 590 1384 coepit
627 1337 715 1385 per
748 1322 1017 1385 praesidia,
1055 1337 1177 1386 quae
1218 1328 1461 1386 oportune
1497 1322 1589 1369 iam
1626 1321 1895 1379 muniebat;

180 1390 331 1442 §dein
369 1390 549 1438 fossam
593 1390 889 1455 loricamque
931 1399 1198 1440 contexens
1237 1398 1461 1455 quattuor
1504 1391 1632 1440 milia
1672 1405 1898 1455 passuum

225 1460 399 1509 ambitu
438 1460 688 1525 amplexus
725 1469 821 1518 est;
866 1469 958 1509 tum
992 1461 1242 1526 paulatim,
1288 1468 1338 1509 ut
1375 1475 1544 1524 aquam
1575 1459 1897 1525 pabulumque

226 1531 467 1595 eriperet,
510 1530 798 1579 contrahere
835 1531 1042 1580 claustra
1080 1538 1279 1594 artaque
1309 1530 1630 1586 circumdare:
1670 1537 1717 1578 et
1744 1537 1896 1578 strue-

224 1600 362 1648 batur
402 1614 580 1663 agger,
630 1600 757 1648 unde
807 1615 923 1649 saxa
972 1600 1138 1649 hastae
1177 1602 1317 1663 ignes
1354 1602 1675 1664 propinquum
1714 1600 1803 1647 iam
1848 1600 1896 1646 in

224 1670 410 1718 hostem
438 1671 725 1718 iacerentur.
779 1669 865 1718 sed
891 1669 1006 1717 nihil
1033 1685 1187 1734 aeque
1218 1683 1355 1733 quam
1383 1670 1484 1717 sitis
1509 1667 1759 1731 fatigabat,
1791 1682 1897 1716 cum

166 1755 204 1789 1c
223 1742 396 1802 ingens
421 1739 669 1787 multitudo
702 1739 988 1788 bellatorum
1017 1739 1262 1787 inbellium
1288 1752 1382 1786 uno
1411 1738 1599 1803 reliquo
1625 1737 1760 1787 fonte
1793 1745 1895 1786 ute-

223 1815 411 1865 rentur;
454 1808 589 1856 simul
630 1810 738 1873 equi
779 1816 1015 1871 armenta,
1051 1815 1101 1857 ut
1134 1822 1250 1873 mos¹
1274 1806 1519 1870 barbariS,
1557 1809 1688 1856 iuxta
1716 1807 1894 1870 clausa,

224 1885 442 1942 egestate
474 1878 638 1942 pabuli
669 1878 952 1935 exanimari;
991 1878 1215 1927 adiacere
1243 1891 1453 1941 corpora
1479 1876 1743 1940 hominum,
1774 1890 1898 1941 quos

221 1949 447 2011 vulnera,
489 1962 610 2012 quos
647 1950 751 2008 sitis
781 1955 1077 2013 peremerat;
1120 1948 1271 2012 pollui
1311 1954 1480 1995 cuncta
1522 1947 1684 2009 sanie,
1726 1946 1896 2010 odore,

224 2025 461 2067 contactu.
514 2017 756 2083 rebusque
793 2018 994 2067 turbatis
1041 2017 1212 2066 malum
1246 2023 1509 2065 extremum
1545 2015 1782 2064 discordia
1819 2030 1895 2064 ac·

165 2110 206 2143 15
227 2089 388 2151 cessit,
416 2087 490 2135 his
519 2087 831 2151 deditionem,
863 2088 971 2137 aliis
1000 2094 1201 2137 mortem
1232 2094 1280 2135 et
1314 2093 1501 2134 mutuos
1525 2085 1650 2133 inter
1687 2100 1741 2133 se
1773 2086 1896 2134 ictus

223 2156 520 2223 parantibus.
579 2164 626 2205 et
653 2166 786 2206 erant
813 2158 890 2222 qui
918 2172 1013 2205 non
1038 2157 1231 2204 inultum
1259 2157 1452 2204 exitium
1481 2153 1566 2203 sed
1594 2155 1896 2219 eruptionem

225 2226 497 2289 suaderent,
527 2242 684 2291 neque
712 2227 970 2291 ignobiles,
1007 2228 1222 2290 quamvis
1250 2226 1427 2274 diversi
1453 2225 1722 2273 sententiis.

328 2296 411 2344 50.
454 2298 634 2345 Verum
670 2313 696 2345 e
735 2297 934 2345 ducibus
962 2296 1113 2359 Dinis,
1143 2303 1405 2360 provectus
1434 2301 1632 2342 senecta
1664 2301 1711 2341 et
1745 2293 1895 2356 longo

224 2381 311 2413 usu
340 2366 432 2412 vim
455 2373 598 2429 atque
633 2366 930 2415 clementiam
954 2366 1217 2414 Romanam
1245 2364 1465 2425 edoctuS,
1493 2362 1717 2426 ponenda
1748 2377 1894 2425 arma,

225 2450 363 2483 unum
400 2433 604 2482 adflictis
646 2435 691 2483 id
728 2435 989 2484 remedium
1037 2432 1331 2495 disserebat,
1380 2433 1657 2496 primusque
1696 2446 1750 2479 se
1791 2446 1895 2479 cum

227 2506 432 2566 coniuge
465 2511 510 2552 et
537 2503 702 2552 liberis
730 2506 903 2553 victori
931 2505 1170 2568 permisit:
1196 2503 1349 2551 secuti
1380 2509 1536 2550 aetate
1567 2507 1645 2549 aut
1675 2515 1794 2548 sexu
1824 2501 1892 2548 in·

186 2593 205 2624 5
224 2575 387 2623 becilli
415 2581 462 2622 et
490 2574 660 2637 quibus
685 2576 835 2622 maior
871 2576 996 2622 vitae
1026 2587 1163 2636 quam
1202 2572 1389 2635 gloriae
1420 2569 1614 2636 cupido.
1658 2577 1705 2618 at
1732 2569 1892 2618 iuven-

224 2653 298 2693 tus
337 2644 532 2692 Tarsam
570 2645 692 2692 inter
730 2652 776 2692 et
806 2643 1020 2694 Turesim
1051 2640 1418 2690 distrahebatur.
1473 2641 1661 2702 utrique
1688 2637 1892 2686 destina-

224 2722 317 2761 tum
347 2728 451 2761 cum
481 2712 701 2762 libertate
729 2713 984 2774 occidere,
1027 2712 1111 2760 sed
1140 2712 1287 2760 Tarsa
1320 2723 1577 2774 properum
1607 2709 1773 2770 linem,
1814 2707 1893 2756 ab·

225 2782 511 2846 rumpendas
539 2784 719 2847 pariter
747 2798 861 2847 spes
890 2797 946 2829 ac
973 2789 1125 2829 metus
1154 2781 1427 2840 clamitans,
1467 2776 1595 2826 dedit
1623 2777 1892 2841 exemplum

226 2850 435 2899 demisso
473 2852 517 2898 in
551 2860 721 2916 pectus
758 2852 915 2907 ferre,
959 2866 1050 2899 nec
1085 2849 1283 2898 defuere
1313 2849 1390 2912 qui
1431 2846 1599 2895 eodem
1629 2844 1768 2895 mode
1807 2859 1894 2909 op—
