1976 3224
240 172 367 223 ’206
673 180 948 220 CORNELII
976 178 1173 218 TAcrrI
1201 178 1506 218 ANNALIUM

371 313 454 362 24.
490 311 680 374 Regum
716 312 763 358 in
799 324 857 358 eo
895 309 1090 359 ambitio
1133 309 1210 358 vel
1238 309 1397 372 gloria
1423 311 1560 358 varie
1586 308 1807 373 vulgata:
1851 307 1936 357 sed

264 383 445 432 initium
474 380 735 444 condendi,
778 387 824 429 et
860 379 989 445 quod
1017 380 1285 444 pomerium
1310 380 1541 429 Romulus
1568 380 1810 446 posuerit,
1853 393 1939 440 no·

264 469 406 503 scere
433 452 558 501 haud
586 451 840 501 absurdum
866 465 994 499 reor.
1044 452 1191 514 igitur
1217 466 1243 499 a
1271 450 1380 500 foro
1408 450 1605 513 boario,
1639 450 1718 500 ubi
1747 464 1940 499 aereum

264 526 386 573 tauri
415 522 715 571 simulacrum
745 523 1030 585 aspicimus,
1069 523 1178 586 quia
1204 521 1251 569 id
1292 527 1446 585 genus
1483 521 1750 571 animalium
1780 527 1938 568 aratro

227 619 247 651 5
265 593 505 656 subditur,
538 592 700 641 sulcus
732 591 1014 655 designandi
1044 591 1208 657 oppidi
1238 600 1470 657 coeptuS,
1499 590 1550 640 ut
1576 606 1795 655 magnam
1819 589 1940 638 Her-

266 664 386 713 culis
414 678 543 713 aram
569 663 969 727 amplecteretur;
997 662 1106 711 inde
1133 665 1279 711 certis
1302 664 1467 727 spatiis
1496 663 1732 712 interiecti
1751 659 1945 726 lapides

263 751 354 800 per
379 736 472 782 ima
506 734 680 782 montis
706 732 907 782 Palatini
937 732 996 782 ad
1028 749 1157 782 aram
1187 733 1359 797 Consi,
1399 749 1514 783 mox
1543 735 1698 783 cu'rias
1723 740 1941 792 vetere8‚

263 814 360 854 tum
381 804 440 854 ad
466 804 698 853 sacellum
717 802 990 861 Larundae;
1018 805 1269 869 forumque
1294 805 1559 855 Romanum
1586 812 1633 854 et
1655 802 1943 869 Capitolium

263 891 360 924 non
388 891 414 924 a
438 874 672 938 Romulo,
701 873 788 922 sed
815 890 841 922 a
863 873 971 923 Tito
996 874 1132 924 Tatio
1159 874 1365 923 additum
1391 876 1494 924 urbi
1522 875 1790 924 credidere.
1830 887 1945 921 mox

209 970 248 1002 10
265 960 353 1011 pro
385 946 578 994 fortuna
603 945 871 1008 pomerium
898 953 1103 993 auctum.
1156 953 1202 993 et
1237 961 1359 1009 quos
1393 954 1490 994 tum
1522 945 1747 995 Claudius
1784 944 1943 993 termi-

265 1032 353 1065 nos
381 1016 624 1079 posuerit,
656 1014 802 1063 facile
831 1017 1027 1078 cognitu
1056 1023 1102 1063 et
1130 1015 1335 1080 publicis
1364 1018 1482 1066 actis
1511 1016 1849 1081 perscriptum.

369 1086 452 1134 25.
492 1084 547 1134 C.
578 1084 788 1133 Antistio
827 1084 891 1134 M.
927 1085 1096 1134 Suillio
1138 1086 1418 1135 consulibus
1462 1086 1657 1151 adoptio
1695 1087 1742 1135 in
1780 1085 1943 1144 Domi-

264 1157 378 1205 tium
414 1156 697 1205 auctoritate
730 1154 959 1204 Pallantis
989 1155 1266 1220 festinatur,
1305 1158 1385 1222 qui
1417 1157 1678 1207 obstrictus
1713 1157 1944 1222 Agrippi-

265 1242 355 1275 nae
378 1234 427 1274 ut
455 1225 742 1274 conciliator
760 1227 1029 1290 nuptiarum
1056 1234 1106 1275 et
1130 1242 1243 1276 mox
1269 1234 1435 1292 stupro
1463 1229 1567 1277 eius
1594 1227 1837 1292 inligatuS,
1864 1226 1944 1276 sti-

265 1296 475 1345 mulabat
492 1294 740 1348 Claudium
764 1295 1044 1345 consuleret
1062 1298 1136 1359 rei
1156 1297 1399 1361 publicae,
1415 1298 1674 1347 Britannici
1695 1298 1947 1363 pueritiam

224 1385 243 1417 5
265 1366 449 1415 robore
468 1366 827 1415 ‚circumdaren
867 1367 938 1414 sic
973 1367 1100 1430 apud
1142 1367 1301 1416 divum
1329 1368 1596 1432 Augustum
1615 1406 1627 1430 ,
1666 1383 1949 1434 quamquam

265 1436 524 1501 nepotibus
551 1435 819 1498 subnixum,
847 1437 1063 1499 viguisse
1090 1439 1367 1501 privignos;
1397 1455 1421 1488 a
1445 1439 1639 1488 Tiberio
1663 1454 1810 1504 super
1835 1453 1948 1503 pro-

265 1508 418 1571 priam
448 1507 648 1570 stirpem
669 1506 1003 1556 Germanicum
1025 1506 1349 1572 adsumptum:
1377 1524 1431 1558 se
1454 1524 1646 1574 quoque
1667 1511 1953 1574 accingeret

265 1580 440 1626 iuvene
465 1584 651 1641 partem
679 1592 899 1626 curarum
925 1579 1244 1642 capessituro.
1304 1578 1378 1627 his
1410 1581 1594 1628 evictus
1630 1579 1822 1627 biennio
1852 1593 1954 1627 ma-

266 1650 419 1696 iorem
457 1653 569 1695 natu
606 1646 866 1696 Domitium
902 1646 1001 1696 filio
1044 1651 1319 1712 anteponit,
1367 1647 1527 1698 habita
1570 1647 1696 1714 apud
1733 1656 1949 1698 senatum

209 1737 248 1769 10
269 1719 489 1767 oratione
516 1717 719 1765 eundem
746 1718 791 1764 in
821 1732 962 1781 quem
997 1732 1023 1765 a
1049 1716 1224 1766 liberto
1250 1726 1513 1782 acceperat
1537 1719 1743 1768 modum.
1802 1718 1947 1768 adno-

267 1787 429 1836 tabant
455 1787 598 1850 periti
635 1785 812 1834 nullam
838 1786 1041 1836 antehac
1066 1787 1377 1852 adoptionem
1404 1791 1528 1838 inter
1556 1790 1785 1854 patricios
1809 1787 1958 1838 Clau-·

268 1858 373 1906 dios
398 1857 636 1921 reperiri,
672 1871 857 1921 eosque
885 1855 944 1906 ab
973 1857 1088 1906 Atto
1117 1857 1296 1907 Clauso
1330 1861 1586 1908 continuos
1612 1858 1877 1908 duravisse.

371 1926 458 1977 26.
501 1925 728 1976 Ceterum
756 1934 894 1975 actae
922 1928 1128 1993 principi
1157 1935 1348 1992 grateS,
1389 1930 1683 1993 quaesitiore
1715 1930 1763 1978 in
1786 1928 1959 1978 Domi--

266 1999 379 2047 tium
408 1996 706 2054 adulatione;
748 2004 1019 2062 rogataque
1054 1997 1138 2046 lex
1165 2014 1257 2063 qua
1293 1999 1341 2047 in
1376 1999 1601 2048 familiam
1629 1997 1875 2049 Claudiam
1902 2005 1954 2047 et

266 2083 443 2118 nomen
467 2066 678 2116 Neronis
715 2069 955 2116 transiret.
1015 2075 1219 2132 augetur
1248 2076 1296 2117 et
1321 2069 1594 2134 Agrippina
1623 2075 1948 2133 cognomento

266 2138 533 2201 Augustae.
599 2136 773 2202 quibus
812 2139 1014 2202 patratis
1041 2152 1183 2187 nemo
1214 2138 1337 2189 adeo
1377 2154 1557 2204 expers
1586 2138 1951 2187 misericordiae

223 2227 243 2259 5
267 2209 378 2270 fuit,
412 2223 553 2272 quem
579 2222 675 2255 non
698 2207 958 2256 Britannici
986 2207 1177 2257 fortuna
1202 2225 1425 2258 maerore
1454 2209 1701 2258 adiiceret.
1759 2208 1948 2257 desola-

265 2286 339 2326 tus
372 2277 596 2342 paulatim
627 2279 770 2345 etiam
808 2277 1068 2326 servilibus
1104 2279 1383 2328 ministeriis
1413 2279 1839 2343 perintempestiva
1865 2292 1948 2326 no·

264 2362 445 2396 vercae
473 2347 636 2396 officia
660 2348 707 2395 in
733 2346 986 2396 ludibrium
1011 2348 1260 2411 vertebat,
1286 2349 1581 2412 intellegens
1608 2349 1737 2398 salsi.
1790 2363 1949 2412 neque

267 2419 391 2466 enim
417 2432 619 2481 segnem
648 2418 692 2464 ei
718 2417 868 2465 fuisse
896 2416 1106 2466 indolem
1131 2418 1316 2481 serunt,
1355 2420 1458 2467 sive
1485 2434 1678 2482 verum,
1711 2433 1798 2466 seu
1821 2418 1959 2481 peri-1

268 2487 390 2536 culis
419 2486 777 2536 commendatus
803 2487 995 2535 retinuit
1021 2488 1194 2536 famam
1213 2490 1327 2547 ‚sine
1356 2490 1708 2553 experimento.

370 2557 453 2606 27.
495 2557 590 2607 Sed
615 2555 890 2621 Agrippina
923 2572 1015 2620 quo
1042 2560 1136 2605 vim
1178 2573 1309 2607 suam
1341 2560 1488 2608 sociis
1528 2573 1722 2623 quoque
1749 2554 1948 2605 nationi-

266 2628 354 2677 bus
387 2635 678 2689 ostentaret,
709 2627 754 2674 in
782 2627 1006 2691 oppidum
1033 2627 1264 2677 Ubiorum
1283 2668 1296 2692 ,
1325 2630 1371 2677 in
1398 2643 1492 2693 quo
1518 2629 1680 2691 genita
1707 2633 1839 2688 erat,
1865 2642 1947 2675 ve-

265 2706 463 2748 teranos
504 2698 840 2762 coloniamque
882 2696 1053 2758 deduci
1086 2699 1443 2762 impetrat,''cui
1479 2712 1650 2746 nomen
1690 2695 1884 2744 inditum
1921 2713 1963 2745 e·-

265 2767 506 2832 vocabulo
548 2769 714 2833 ipsius
783 2782 839 2815 ac
878 2767 1003 2815 forte
1040 2767 1282 2817 acciderat
1320 2777 1368 2816 ut
1406 2783 1509 2816 eam
1551 2773 1743 2829 gentem
1777 2766 1947 2815 Rheno

230 2844 622 2900 ttransgressam
649 2853 766 2887 avus
792 2835 1016 2901 Agrippa
1049 2839 1095 2885 in
1123 2837 1263 2886 fidem
1291 2839 1555 2901 acciperet.

370 2906 527 2956 Isdem
563 2906 861 2971 temporibus
898 2907 943 2953 in
983 2908 1235 2972 superiore
1264 2907 1512 2956 Germania
1551 2905 1836 2970 trepidatum
1865 2904 1952 2955 ad*

1034 3012 1058 3030 δ
