1976 3224
610 236 785 274 LIBER
806 236 885 273 111.
920 235 1045 272 cAP.
1069 232 1266 275 20—24.
1707 222 1771 274 89

108 364 233 430 ῳῐοά
271 363 348 413 alii
387 365 529 413 civile
564 365 814 426 rebantur,
861 378 921 410 ne
961 363 1137 410 ceteris
1175 361 1471 410 adsentiendi
1506 364 1773 412 necessitas

105 435 262 496 fieret,
292 433 479 497 quidam
506 433 563 482 ad
591 433 837 481 saevitiam
864 430 1143 480 trahebant:
1179 446 1339 495 neque
1376 433 1498 479 enim
1526 447 1773 481 cessurum

104 504 194 552 nisi
220 502 467 551 damnandi
495 503 676 550 officio.

210 571 291 622 23.
325 565 506 636 Lepida
533 571 750 620 ludorum
791 570 989 631 diebus,
1031 572 1108 632 qui
1146 570 1472 632 cognitionem
1503 571 1772 620 intervene-

102 641 512 704 rant,>theatrum
560 656 665 689 cnm
713 640 857 688 claris
904 639 1093 687 feminis
1140 641 1387 702 ingressa,
1434 639 1774 690 lamentatione

102 710 252 760 flebili
277 712 485 759 maiores
514 724 628 758 suos
656 711 789 758 ciens
816 710 1066 773 ipsumque
1093 709 1397 772 Pompeium,
1428 708 1560 756 cuius
1586 725 1643 758 ea
1674 724 1773 758 mo-

102 781 310 828 nimenta
337 787 385 828 et
413 780 659 828 adstantes
685 781 917 840 imagines
943 777 1247 841 visebantur,
1287 785 1463 826 tantum
1500 779 1773 827 misericor·

104 849 211 898 diae
256 849 527 912 permovit,
574 856 625 897 ut
667 848 803 896 effusi
848 849 896 895 in
941 847 1164 896 lacrimas
1210 862 1354 895 saeva
1400 854 1448 895 et
1491 847 1814 898 detestandas

104 919 321 980 Quirinio
350 918 675 981 clamitarent,
704 918 836 965 cuius
863 923 1092 965 senectae
1120 923 1263 980 atque
1296 916 1486 964 orbitati
1514 924 1563 965 et
1603 918 1774 966 obscu-

100 989 322 1037 rissimae
359 988 518 1037 domui
558 987 794 1036 destinata
828 985 1062 1050 quondam
1097 1000 1220 1034 uxor
1253 985 1304 1034 L.
1339 985 1536 1034 Caesari
1574 1001 1630 1035 ac
1665 987 1776 1037 divo

101 1058 323 1120 Augusto
349 1073 495 1106 nurus
523 1055 797 1105 dederetur.
849 1055 958 1103 dein
984 1057 1234 1104 tormentis
1261 1069 1511 1104 servorum
1533 1057 1776 1120 patefacta

103 1134 210 1175 sunt
252 1126 435 1190 flagitia
484 1128 694 1190 itumque
735 1127 784 1172 in
822 1126 1104 1173 sententiam
1138 1124 1331 1173 Rubelli
1367 1124 1562 1187 Blandi,
1613 1141 1639 1174 a
1681 1139 1775 1189 quo

102 1210 227 1260 aqua
256 1203 398 1260 atque
425 1196 527 1258 igni
556 1194 824 1243 arcebatur.
882 1194 992 1242 huic
1015 1194 1199 1242 Drusus
1227 1194 1457 1257 adsensit,
1490 1209 1773 1259 quamquam
1793 1207 1830 1239 10

104 1265 182 1314 alii
208 1265 366 1313 mitius
396 1265 711 1312 censuissent.
769 1278 883 1311 mox
911 1264 1112 1326 Scaur0,
1149 1266 1227 1327 qui
1256 1263 1402 1312 filiam
1429 1279 1491 1311 ex
1518 1279 1573 1312 ea
1594 1279 1774 1328 genue-

102 1341 191 1397 rat,
221 1333 380 1382 datum
406 1349 467 1381 ne
497 1332 624 1382 bona
650 1332 1026 1397 publicarentur.
1085 1340 1179 1380 tum
1210 1332 1395 1380 demum
1422 1335 1610 1397 aperuit
1632 1333 1774 1382 Tibe·

101 1406 200 1452 rius
232 1410 517 1467 conpertum
545 1402 635 1451 sibi
672 1403 811 1450 etiam
848 1417 909 1450 ex
939 1402 990 1450 P.
1020 1402 1219 1462 Quirinii
1256 1403 1410 1451 servis
1444 1417 1633 1450 veneno
1671 1418 1775 1451 eum

103 1488 128 1522 a
154 1471 336 1536 Lepida
361 1473 575 1536 petitum.

208 1542 291 1590 24.
339 1541 610 1590 Inlustrium
658 1541 878 1590 domuum
924 1541 1128 1590 adversa
1176 1541 1378 1606 (etenim
1418 1540 1541 1589 haud
1581 1540 1775 1589 multum

104 1611 291 1659 distanti
322 1616 542 1675 tempore
572 1609 818 1675 Calpurnii
843 1610 1093 1672 Pisonem,
1128 1610 1320 1659 Aemilii
1345 1609 1574 1674 Lepidam
1607 1612 1773 1660 amise-

101 1680 232 1743 rant)
262 1680 446 1729 solacio
476 1679 654 1729 adfecit
680 1680 737 1728 D.
768 1679 955 1727 Silanus
980 1678 1142 1727 Iuniae
1176 1679 1383 1728 familiae
1418 1679 1647 1728 redditus.
1698 1685 1774 1729 ca-

104 1765 205 1797 sum
233 1750 335 1796 eius
362 1751 529 1813 paucis
554 1757 787 1813 repetam.
838 1756 887 1797 ut
912 1748 1069 1797 valida
1085 1749 1199 1797 divo
1222 1748 1443 1812 Augusto
1473 1751 1519 1797 in
1548 1763 1649 1797 rem
1690 1764 1773 1814 pu-

103 1818 277 1866 blicam
298 1818 505 1882 fortuna,
532 1819 594 1866 ita
624 1818 748 1866 domi
775 1819 1063 1883 inprospera
1088 1818 1176 1866 fuit
1201 1818 1263 1867 oh
1290 1819 1616 1882 inpudicitiam
1643 1819 1771 1867 filiae
1791 1833 1811 1865 5

105 1902 160 1935 ac
187 1887 374 1950 neptis,
426 1902 544 1950 quas
575 1887 693 1935 urbe
730 1887 913 1953 depulit¹
945 1886 1282 1951 adulterosque
1322 1902 1482 1936 earum
1515 1895 1668 1951 morte
1697 1895 1775 1936 aut

104 1956 218 2020 fuga
254 1956 449 2020 punivit.
495 1970 599 2003 nam
639 1956 827 2018 culpam
860 1957 983 2003 inter
1020 1957 1151 2004 viros
1194 1971 1250 2004 ac
1293 1957 1493 2006 feminas
1531 1957 1774 2020 vulgatam

106 2025 246 2087 gravi
292 2025 482 2072 nomine
523 2024 760 2072 laesarum
805 2024 1090 2087 religionum
1139 2041 1196 2073 ac
1250 2026 1461 2075 violatae
1511 2027 1774 2074 maiestatis

107 2093 400 2158 appellando
431 2093 730 2141 clementiam
757 2094 983 2141 maiorum
1011 2109 1219 2158 suasque
1245 2097 1352 2158 ipse
1379 2096 1520 2158 leges
1552 2094 1772 2157 egredie-

103 2162 257 2210 batur.
313 2162 397 2210 sed
427 2162 624 2211 aliorum
652 2165 824 2225 exituS,
856 2163 991 2211 simul
1023 2171 1185 2212 cetera
1223 2164 1350 2212 illius
1387 2166 1557 2213 aetatis
1595 2178 1770 2212 memo·
1789 2178 1833 2212 10

104 2230 252 2293 rabo,
292 2232 331 2279 si
373 2232 559 2280 effectis
595 2233 639 2279 in
677 2247 796 2296 quae
826 2231 1003 2280 tetendi
1044 2233 1208 2296 plures
1233 2232 1291 2281 ad
1322 2248 1462 2282 curas
1492 2235 1634 2282 vitam
1662 2248 1771 2297 pro-

106 2300 308 2349 duxero.
360 2300 418 2348 Da
449 2300 644 2348 Silanus·
663 2302 709 2349 in
740 2303 870 2365 nepti
897 2300 1104 2364 Augusti
1133 2301 1341 2365 adulter,
1375 2313 1654 2367 quamquam
1676 2316 1773 2351 non

104 2369 225 2418 ultra
253 2369 382 2417 foret
418 2371 648 2418 saevitum
689 2385 826 2434 quam
851 2377 900 2418 ut
937 2372 1139 2419 amicitia
1169 2369 1392 2420 Caesaris
1419 2371 1770 2436 prohiberetur,

106 2438 296 2487 exilium
326 2438 415 2486 sibi
445 2438 759 2487 demonstrari
785 2439 1049 2501 intellexit,
1094 2455 1186 2488 nec
1222 2441 1311 2489 nisi
1348 2441 1541 2490 Tiberio
1579 2442 1768 2503 imperi-

104 2514 232 2556 tante
271 2507 525 2572 deprecari
566 2516 778 2556 senatum
816 2523 872 2556 ac
909 2510 1175 2573 principem
1221 2525 1361 2558 ausus
1404 2518 1476 2559 est
1512 2510 1575 2559 M.
1621 2508 1767 2556 Silani
1789 2513 1829 2546 1⁵

104 2575 266 2624 fratris
296 2578 527 2640 potentia,
558 2578 635 2639 qui
699 2591 752 2624 er
782 2578 1017 2639 insignem
1041 2578 1338 2628 nobilitatem
1372 2587 1419 2627 et
1449 2579 1770 2641 eloquentiam

105 2645 450 2709 praecellebat.
509 2645 593 2693 sed
667 2644 844 2693 iberius
871 2648 1019 2708 gratis
1046 2650 1206 2709 agenti
1234 2648 1397 2695 Silano
1437 2647 1650 2711 patribus
1689 2661 1767 2695 co-

106 2727 205 2761 ram
231 2714 481 2779 respondit
514 2730 567 2762 se
597 2729 788 2778 quoque
812 2714 1007 2776 laetari,
1036 2715 1162 2778 quod
1188 2716 1338 2764 frater
1367 2717 1470 2764 eius
1497 2731 1523 2763 e
1549 2716 1764 2780 peregri-

103 2782 294 2831 natione
322 2783 581 2847 longinqua
620 2784 925 2838 revertisset;
964 2783 1104 2847 idque
1138 2785 1241 2832 iure
1279 2782 1634 2848 licitum,‘quia
1672 2799 1767 2834 non

108 2859 297 2899 senatus
324 2853 569 2914 consulto,
604 2867 697 2900 non
723 2852 835 2914 lege
866 2852 1031 2916 pulsus
1061 2853 1211 2902 l'oret:
1240 2853 1329 2902 sibi
1359 2861 1513 2902 tamen
1535 2854 1766 2903 adversus
1783 2868 1826 2900 20

109 2917 212 2966 eu'm
248 2920 459 2983 integras
498 2922 706 2985 parentis
750 2922 819 2969 sui
861 2921 1180 2984 offensioneS,
1227 2938 1383 2987 neque
1429 2922 1581 2971 reditu
1621 2923 1766 2970 Silani
