1976 3224
215 178 317 229 322
638 190 914 228 CORNELII
940 190 1134 228 'mem
1157 192 1461 230 ANNALmM

213 316 401 379 bellos,
439 316 610 381 quibus
646 316 749 365 dies
776 317 1001 380 genitalis
1037 319 1139 367 eius
1175 325 1222 367 et
1251 326 1478 368 eventura
1521 323 1723 370 secretis
1749 322 1880 372 Pam·

211 386 364 434 menis
404 385 798 448 occultabantur,
849 386 985 435 simul
1028 388 1240 452 repertis
1285 403 1410 453 quae
1445 389 1504 438 de
1542 398 1648 439 ortu
1688 392 1879 456 vitaque

156 476 196 508 15
215 454 394 504 Ostorii
414 455 656 520 Scapulae
681 458 950 520 composita
972 463 1122 519 erant,
1155 457 1323 506 scribit
1343 458 1400 506 ad
1422 460 1687 524 principem
1708 476 1878 524 magna

214 540 269 573 se
306 532 355 573 et
394 539 517 588 quae
552 525 864 574 incolumitati
890 526 993 573 eius
1024 525 1350 576 conducerent
1377 528 1664 591 adlaturum,
1703 531 1742 578 si
1768 530 1878 578 bre-

212 609 321 643 vem
352 594 482 642 exilii
508 596 696 643 veniam
723 595 1095 660 inpetravisset:
1124 597 1305 661 quippe
1324 596 1544 645 Anteium
1572 606 1620 648 et
1639 598 1877 647 Ostorium

211 664 442 711 inminere
475 663 622 712 rebus
659 671 707 712 et
741 679 825 713 sua
863 663 1185 730 Caesarisque
1221 666 1317 714 fata
1348 669 1563 716 scrutari.
1616 670 1742 716 exim
1769 669 1877 717 mis-

210 747 294 782 sae
327 732 594 782 liburnicae
639 732 987 798 advehiturque
1027 749 1239 799 propere
1269 735 1519 785 Sosianus.
1593 751 1650 786 ac
1676 738 1876 802 vulgato

151 816 194 848 20
212 803 315 851 eius
353 802 530 851 indicio
570 803 695 851 inter
735 802 983 852 damnatos
1017 805 1172 868 magis
1207 819 1346 869 quam
1383 806 1508 855 inter
1537 821 1652 856 reos
1677 806 1877 856 Anteius

210 870 530 936 Ostoriusque
564 871 886 936 habebantur,
934 872 1057 922 adeo
1094 881 1145 922 ut
1188 881 1522 924 testamentum
1557 874 1701 925 Antei
1737 891 1875 926 nemo

210 941 517 1004 obsignaret,
561 942 652 990 nisi
689 941 955 1005 Tigellinus
1000 950 1168 991 auctor
1201 944 1467 1008 extitisset,
1516 947 1697 995 monito
1746 947 1876 1011 prius

207 1011 386 1059 Anteio
424 1026 485 1059 ne
519 1026 772 1075 supremas
809 1011 996 1060 tabulas
1033 1020 1317 1062 moraretur.
1385 1021 1528 1078 atque
1576 1014 1658 1063 ille
1704 1015 1874 1064 hausto

208 1094 425 1144 venen0,
460 1079 729 1130 tarditatem
764 1082 867 1129 eius
891 1096 1100 1146 perosus
1134 1083 1376 1131 intercisis
1401 1084 1538 1132 venis
1567 1091 1768 1133 mortem
1793 1083 1876 1134 ad·

148 1162 192 1196 2⁵
209 1150 506 1214 properavit.

315 1219 396 1268 15.
438 1217 657 1268 Ostorius
686 1219 963 1284 longinquis
1000 1221 1047 1268 in
1083 1222 1214 1284 agris
1251 1221 1377 1286 apud
1404 1222 1546 1271 linem
1568 1221 1790 1286 Ligurum
1829 1222 1875 1271 id

205 1288 438 1354 temporis
465 1295 584 1337 erat.
634 1303 695 1337 eo
721 1291 894 1338 missus
922 1291 1166 1354 centurie,
1205 1291 1285 1356 qui
1316 1291 1514 1340 caedem
1545 1293 1648 1340 eius
1674 1299 1874 1340 matura·

202 1366 295 1407 ret.
345 1372 489 1407 causa
524 1357 781 1407 festinandi
821 1374 884 1407 ex
914 1374 973 1408 eo
1011 1359 1282 1424 oriebatur,
1326 1360 1455 1426 quod
1482 1360 1702 1409 Ostorius
1729 1360 1874 1410 multa

202 1428 393 1477 militari
427 1427 552 1476 fama
590 1434 638 1476 et
674 1429 873 1477 civicam
913 1443 1142 1478 coronam
1179 1429 1304 1495 apud
1336 1430 1624 1480 Britanniam
1657 1432 1873 1493 meritus,

165 1514 184 1546 5
202 1498 384 1561 ingenti
415 1498 470 1546 υἱ
506 1497 732 1563 corporis
757 1512 1090 1564 armorumque
1114 1500 1316 1549 scientia
1336 1507 1511 1548 metum
1535 1498 1718 1548 Neroni
1743 1499 1873 1548 fece-

200 1574 288 1631 rat,
326 1582 387 1616 ne
413 1566 665 1616 invaderet
686 1567 909 1632 pavidum
939 1583 1134 1633 semper
1162 1576 1208 1617 et
1240 1577 1434 1634 reperta
1471 1583 1625 1633 nuper
1658 1569 1873 1619 coniura-

201 1638 332 1687 tione
378 1637 532 1700 magis
577 1638 872 1687 exterritum.
918 1638 1064 1702 igitur
1107 1639 1351 1701 centuri0,
1394 1637 1477 1686 ubi
1512 1638 1691 1700 effugia
1727 1637 1872 1686 villae

203 1707 388 1770 clausit,
411 1707 851 1772 iussa-inperatoris
873 1707 1067 1757 Ostorio
1088 1709 1261 1772 aperit.
1313 1708 1353 1755 is
1374 1705 1699 1756 fortitudinem
1720 1721 1871 1771 saepe

203 1776 457 1825 adversum
480 1775 650 1826 hostes
677 1784 944 1841 spectatam
969 1778 1016 1825 in
1042 1792 1095 1825 se
1120 1778 1287 1825 vertit:
1317 1783 1365 1824 et
1392 1776 1683 1840 quiavenae
1711 1790 1869 1840 quam-

142 1860 184 1895 ιο
203 1861 341 1912 quam
362 1847 658 1911 interruptae
681 1861 844 1911 parum
866 1847 1110 1909 sanguinis
1133 1845 1454 1908 effundebant,
1481 1844 1712 1894 hactenus
1731 1859 1870 1894 manu

200 1917 330 1964 servi
355 1930 498 1978 usuS,
535 1923 585 1964 ut
613 1916 838 1965 inmotum
871 1917 1130 1981 pugionem
1162 1914 1450 1978 extolleret,
1488 1915 1729 1979 adpressit
1755 1913 1867 1963 dex-

197 1993 318 2035 tram
345 1988 448 2034 eius
473 1985 735 2050 iuguloque
767 1987 994 2035 occurrit.

310 2055 389 2104 16.
428 2053 584 2102 Etiam
620 2057 658 2104 si
686 2055 814 2104 bella
842 2062 1044 2104 externa
1071 2061 1118 2103 et
1145 2054 1300 2103 obitas
1328 2067 1417 2118 pro
1444 2068 1497 2101 re
1526 2051 1718 2117 publica
1744 2066 1867 2101 mor·

198 2131 273 2173 tes
308 2131 437 2173 tanta
472 2139 664 2173 casuum
695 2124 999 2173 similitudine
1025 2138 1365 2186 memorarem,
1403 2137 1575 2187 meque
1611 2123 1765 2186 ipsum
1795 2136 1867 2170 sa-

198 2195 290 2242 tias
327 2194 542 2259 cepisset
578 2194 878 2259 aliorumque
904 2193 1111 2243 taedium
1137 2199 1504 2258 exspectarem,
1543 2192 1758 2256 quamvis
1782 2190 1866 2239 ho-

198 2269 368 2312 nestos
404 2263 577 2311 civium
618 2265 804 2327 exituS,
846 2265 1010 2313 tristes
1048 2271 1205 2313 tamen
1241 2269 1289 2311 et
1317 2264 1567 2311 continuos
1608 2275 1865 2326 aspernan-

161 2332 336 2381 stium:
387 2339 434 2379 at
471 2347 597 2380 nunc
630 2334 858 2398 patientia
903 2333 1096 2382 servilis
1131 2339 1407 2397 tantumque
1452 2332 1697 2394 sanguinis
1741 2329 1866 2378 domi

199 2400 435 2467 perditum
481 2401 687 2466 fatigant
733 2404 935 2452 animum
981 2411 1030 2452 et
1070 2403 1303 2452 maestitia
1347 2401 1656 2463 restringunt.
1707 2413 1866 2462 neque

197 2471 336 2520 aliam
372 2470 706 2520 defensionem
749 2471 808 2521 ab
843 2474 902 2521 iis
939 2472 1112 2536 quibus
1151 2473 1242 2521 ista
1289 2477 1551 2520 noscentur
1599 2469 1863 2532 exegerim,

198 2555 338 2606 quam
362 2556 423 2589 ne
449 2540 631 2590 oderim
656 2548 750 2591 tam
779 2542 997 2606 segniter
1025 2548 1302 2607 pereuntes.
1354 2542 1424 2590 ira
1448 2539 1530 2589 illa
1556 2540 1789 2588 numinum
1818 2539 1864 2585 in

196 2625 278 2660 res
309 2611 552 2660 Romanas
587 2612 698 2676 suit,
736 2627 875 2676 quam
904 2626 1026 2675 non,
1065 2619 1115 2661 ut
1151 2613 1199 2661 in
1225 2610 1440 2660 cladibus
1464 2611 1757 2659 exercituum
1787 2614 1865 2656 aut

141 2692 182 2726 10
201 2681 477 2745 captivitate
505 2682 714 2746 urbium,
751 2682 902 2731 semel
933 2681 1061 2730 edito
1096 2680 1300 2731 transire
1326 2680 1456 2729 licet.
1512 2678 1649 2727 detur
1676 2677 1771 2725 hoc
1796 2677 1862 2723 in-

196 2749 413 2799 lustrium
448 2751 660 2801 virorum
687 2752 985 2817 posteritati,
1028 2758 1077 2800 ut
1103 2765 1197 2816 quo
1230 2749 1373 2799 modo
1410 2748 1652 2812 exsequiis
1689 2760 1714 2794 a
1752 2760 1861 2809 pro-

196 2821 346 2869 misca
392 2821 639 2885 sepultura
689 2829 998 2887 separantur,
1045 2821 1108 2870 ita
1153 2823 1200 2869 in
1236 2819 1491 2869 traditione
1532 2829 1860 2881 supremorum

199 2889 437 2954 accipiant
465 2890 766 2955 habeantque
794 2893 1038 2956 propriam
1062 2890 1350 2938 memoriam.
