1950 3210
154 227 345 268 XXVIII
617 226 1069 266 COMMENTARIUS
1111 227 1392 268 ORITIGUS.

295 356 357 416 9,
394 365 422 408 3
448 359 734 416 excidenda,
771 373 854 404 em.
881 360 975 404 Hm
1007 354 1014 424 Ι
1057 365 1086 408 4
1111 361 1338 406 resistere
1371 353 1378 423 Ι
1411 364 1440 407 8
1473 373 1743 417 quamquam
1768 360 1858 406 He.

156 442 290 486 quam
322 426 483 489 (quam
516 443 605 474 om.
631 426 720 489 al.)
765 423 772 493 Ι
817 436 872 477 10
901 430 1075 476 faciunt
1108 430 1176 475 L.-
1214 430 1390 475 iaciunt
1428 424 1602 488 (iciunt
1629 431 1716 488 aL,
1751 430 1867 488 fort.

152 496 305 559 icunt)
350 492 357 562 Ι
400 503 455 547 16
486 500 719 556 uardane,
749 513 832 547 em.
867 499 933 549 L,-
965 500 1080 545 illud
1111 505 1265 546 tuetur
1301 499 1430 544 Win
1462 512 1508 543 n.
1541 512 1650 543 ann.
1682 499 1797 558 phil.
1826 504 1870 545 et

146 581 200 626 p.
228 569 313 613 vol.
347 574 431 625 52,
459 574 516 616 30
548 563 555 632 Ι
589 574 644 617 16
675 570 898 628 septimo:
928 569 1027 615 XII.
1058 570 1258 633 Nmal„

297 636 361 685 10
378 673 391 695 ,
426 643 453 684 2
484 639 654 684 avebat
675 638 738 684 L.-
764 640 936 685 habeat
954 636 1178 699 (parabat
1199 640 1260 684 al.
1277 673 1288 694 ,
1323 638 1447 696 qaod
1461 637 1682 697 praefert
1702 639 1867 684 Wurm

150 708 199 751 in
231 707 350 753 Phil.
380 707 468 765 IX,
506 706 588 769 92)
634 701 640 773 Ι
686 715 712 757 5
752 714 798 754 et
832 709 941 753 hinc
982 702 990 774 Ι
1032 714 1060 758 6
1098 707 1373 755 Charindam
1407 708 1603 752 malebat
1626 707 1767 767 Ryclc
1804 721 1867 754 ex

149 776 341 822 Ptolem.
371 776 462 830 VI,
494 780 542 831 2,
575 781 604 823 2
630 785 672 823 et
693 778 839 823 Amm.
866 777 1021 823 Mare.
1050 783 1134 836 23,
1162 784 1189 827 6
1221 773 1229 843 Ι
1264 783 1319 825 10
1344 777 1661 834 munimentis,
1688 789 1774 823 em.
1794 779 1833 823 L

148 851 206 896 12
231 852 393 905 parata
437 840 444 911 Ι
486 854 541 897 15
572 847 694 893 inter
727 863 778 893 se
803 862 1041 907 umregum
1083 842 1090 911 Ι
1134 852 1186 897 17
1211 861 1298 893 rex
1340 841 1348 910 Ι
1391 852 1447 895 18
1474 860 1650 905 regno,
1677 860 1760 892 em.
1789 848 1827 892 L

150 920 208 963 20
236 917 513 974 positusque
550 912 556 981 Ι
591 918 724 975 regia
757 920 820 964 al.

296 984 387 1043 11,
412 994 438 1034 5
467 987 633 1045 hisque
665 988 695 1032 i.
726 988 857 1033 affuit
889 981 895 1051 Ι
928 992 953 1037 7
986 988 1258 1046 quindecem
1280 987 1427 1032 uirum
1459 979 1468 1051 Ι
1501 992 1556 1035 16
1580 988 1867 1033 detractator

148 1054 397 1100 Burmann
425 1056 490 1100 ad
516 1056 593 1103 Ov.
621 1056 808 1101 Metam.
836 1059 903 1115 V,
931 1062 1016 1105 246

297 1120 387 1183 12,
426 1131 481 1173 10
515 1126 721 1184 operiri,
765 1140 847 1172 em.
885 1128 957 1177 N,-
1003 1127 1210 1186 opperiri
1238 1127 1284 1172 B
1338 1119 1346 1192 Ι
1398 1130 1455 1174 14
1493 1126 1615 1185 apud
1652 1127 1844 1172 alterum

151 1206 235 1241 em.
265 1194 341 1240 Pu

296 1261 387 1323 13,
432 1271 458 1314 5
493 1265 540 1310 in
565 1271 745 1323 morte,
783 1279 866 1311 em.
896 1266 935 1311 L
969 1260 975 1330 Ι
1007 1270 1032 1314 7
1070 1266 1349 1311 Simbruinis
1379 1265 1450 1311 R.-
1476 1265 1560 1310 sub
1590 1264 1822 1311 Inbruinis
1851 1259 1860 1315 Ι

148 1338 179 1382 8
204 1332 279 1379 Gr.
309 1348 495 1393 quoque
523 1336 585 1380 L.-
615 1349 801 1394 quoque
830 1350 1046 1394 graecam

295 1401 389 1462 14,
425 1409 453 1451 2
481 1419 535 1450 ea
562 1405 627 1450 L.-
665 1410 711 1450 et
740 1403 814 1467 (et
841 1420 893 1451 ea
933 1402 1019 1466 W)
1056 1399 1062 1470 Ι
1098 1411 1153 1453 12
1183 1404 1476 1462 aboriginib;
1515 1404 1739 1460 arcades,
1775 1416 1857 1448 em.

147 1471 224 1518 Pu
265 1467 274 1537 Ι
319 1479 377 1523 13
406 1474 583 1520 formae
618 1475 688 1519 B.-
727 1474 898 1521 formas
934 1487 997 1520 ecc
1032 1476 1372 1520 assimulatione
1403 1487 1509 1519 eam
1541 1486 1667 1532 seqq.
1705 1475 1860 1518 termi-

147 1544 432 1595 nationibas;
466 1544 613 1591 forma
649 1545 711 1590 al.
764 1538 771 1607 Ι
826 1549 879 1593 16
915 1545 1107 1603 publico
1146 1545 1212 1589 Ν.-
1257 1543 1462 1603 publico.
1487 1543 1558 1589 dis
1598 1542 1864 1602 plebiscitis

152 1609 473 1671 (publicandis
515 1614 643 1672 plebi
681 1614 815 1660 scitis
843 1614 1049 1672 Grotius,
1080 1614 1332 1674 publicatis
1365 1613 1629 1672 plebiscitis
1663 1611 1860 1657 Momm-

148 1693 254 1738 sen,
290 1681 578 1728 Stadtreclzte
600 1697 687 1729 von
715 1683 945 1742 Salpensa
972 1689 1053 1729 etc.
1075 1699 1133 1743 p.
1159 1681 1288 1744 391.)
1806 1684 1810 1685 ⁷

295 1749 387 1811 15,
418 1758 446 1801 3
475 1753 638 1798 accitis
672 1747 679 1817 Ι
715 1759 768 1801 12
794 1754 1065 1799 retinendae
1092 1753 1435 1811 firmandaeque
1459 1753 1787 1811 haruspicinae
1818 1753 1869 1798 N

295 1819 386 1879 16,
418 1829 435 1869 1
469 1836 657 1880 romae,
683 1828 769 1868 em.
791 1823 836 1868 R
869 1816 876 1887 Ι
909 1829 936 1871 3
961 1823 1099 1868 italus
1131 1815 1142 1886 Ι
1172 1827 1202 1870 4
1222 1827 1458 1868 actumero
1484 1822 1584 1867 eod.
1608 1821 1697 1879 hic,
1722 1836 1861 1882 quam

147 1893 342 1937 nominis
364 1892 571 1950 formam
601 1906 756 1938 veram
785 1893 918 1938 habel
942 1891 1227 1951 Mallenlzoff
1245 1891 1298 1936 Z.
1322 1891 1364 1950 f.
1395 1891 1437 1936 d.
1469 1891 1558 1937 Alc.
1587 1889 1689 1950 IX,
1724 1894 1820 1937 223
1850 1885 1859 1950 Ι

147 1968 174 2009 5
200 1967 427 2008 cattorum
460 1955 468 2025 Ι
501 1967 527 2010 6
559 1969 781 2020 augustus
813 1961 1042 2024 (secunda
1073 1977 1094 2007 s
1124 1975 1187 2007 ex
1211 1957 1364 2021 corr.)
1399 1954 1407 2026 Ι
1453 1966 1508 2008 12
1534 1961 1733 2007 invisam
1759 1962 1820 2006 al.
1850 1957 1859 2019 Ι

147 2036 205 2079 18
236 2031 362 2077 flabii
404 2025 412 2096 Ι
452 2037 510 2079 20
533 2033 722 2078 uenisse
750 2044 908 2091 posse.
933 2032 1237 2088 Testimesci,
1274 2043 1359 2076 em.
1385 2031 1432 2075 B
1472 2023 1481 2095 Ι
1523 2035 1580 2078 22
1609 2045 1663 2076 ac
1690 2031 1730 2076 si
1763 2024 1772 2095 Ι
1804 2035 1863 2080 23

146 2098 371 2160 parentes*
419 2094 427 2164 Ι
480 2098 572 2158 17,
618 2107 646 2150 3
683 2102 1028 2159 memorabant,
1065 2115 1149 2146 em.
1201 2101 1287 2147 Wr
1324 2103 1370 2145 in
1408 2101 1500 2146 obs.
1539 2100 1605 2144 ad
1650 2100 1760 2146 Tac.
1800 2100 1860 2159 ΙΙ,

148 2174 201 2219 17
246 2166 253 2234 Ι
297 2177 323 2219 5
349 2170 601 2217 Actumero
627 2170 912 2230 Mallenhoff
936 2164 942 2235 Ι
976 2173 1089 2220 781)
1114 2171 1188 2217 his

292 2236 384 2297 18,
422 2248 445 2289 1
482 2241 608 2286 milia
643 2235 650 2305 Ι
683 2247 711 2290 3
737 2241 976 2286 caninefas
1010 2234 1019 2302 Ι
1050 2246 1079 2288 4
1105 2239 1332 2286 auxiliare
1362 2253 1421 2284 ex
1460 2235 1547 2299 (ex
1574 2251 1668 2298 per
1704 2235 1860 2301 corr.)

147 2309 225 2354 diu
252 2309 457 2366 meritis,
493 2323 577 2356 em.
604 2310 708 2359 Pa:
746 2310 974 2356 auxiliare
1014 2324 1094 2356 aes
1133 2310 1210 2354 diu
1250 2309 1440 2354 meritus
1476 2307 1582 2363 Mr,
1628 2308 1858 2354 auxiliare

147 2379 428 2437 stipendium
450 2380 641 2425 meritus
657 2380 727 2424 ed.
742 2380 850 2437 Bip.
868 2415 878 2431 ‚
902 2379 1146 2425 auxiliaris
1168 2392 1226 2423 ex
1249 2379 1324 2424 diu
1344 2377 1581 2423 meritisD
1612 2371 1622 2443 Ι
1652 2377 1859 2428 9luntri-

146 2448 327 2506 busque
345 2483 358 2505 ,
393 2449 450 2494 de
474 2463 565 2508 qua
582 2448 741 2507 forma
761 2464 800 2494 υ.
823 2449 1082 2494 Buecheler
1109 2450 1156 2493 in
1176 2461 1289 2493 novo
1309 2460 1425 2492 mus.
1449 2446 1600 2492 Rhen.
1624 2447 1713 2503 XI,
1734 2451 1818 2496 297

146 2524 197 2565 11
233 2518 422 2575 ignaras
466 2520 527 2563 al.
546 2554 556 2573 ‚
593 2534 634 2564 v.
664 2519 846 2564 Heraei
879 2520 997 2564 stud.
1026 2519 1126 2563 erit.
1155 2516 1205 2574 Ι,
1248 2520 1340 2562 128
1375 2521 1418 2561 et
1448 2516 1590 2575 Nipp.
1620 2517 1684 2560 ad
1714 2516 1759 2560 h.
1789 2517 1816 2563 l.

146 2591 203 2635 14
222 2588 392 2633 milites
418 2601 497 2646 pr.
518 2602 577 2632 m.
613 2581 620 2652 Ι
655 2593 708 2637 17
729 2589 849 2633 iacta
872 2587 941 2631 R.-
971 2593 1071 2632 acta
1105 2580 1113 2652 Ι
1149 2593 1201 2635 19
1224 2587 1336 2645 fort.
1367 2586 1490 2632 levia
1522 2586 1858 2632 accredebatur

295 2654 386 2714 19,
415 2665 442 2706 5
467 2662 684 2715 senatus,
713 2670 798 2702 em.
826 2656 899 2702 Pa
932 2650 938 2721 Ι
974 2663 1026 2704 11
1054 2656 1293 2702 insinistra
1328 2649 1335 2719 Ι
1369 2660 1423 2703 12
1450 2655 1496 2700 in
1521 2669 1573 2700 re
1598 2653 1783 2713 puplica

290 2722 385 2783 20,
432 2734 458 2776 5
496 2727 724 2786 quondam
760 2726 823 2771 L.-
871 2727 1119 2784 quosdam;
1164 2725 1225 2784 cf.
1261 2725 1348 2771 Dio
1384 2730 1468 2780 60,
1504 2730 1562 2772 30
1601 2716 1609 2787 Ι
1651 2719 1728 2782 ut]
1767 2722 1811 2767 ui
1845 2716 1853 2785 Ι

146 2799 171 2844 7
198 2794 389 2853 pduxit,
436 2797 559 2854 qaod
584 2797 793 2842 nonnulli
824 2801 1010 2841 tuentur
1044 2797 1145 2840 coll.
1177 2800 1258 2851 14,
1288 2799 1344 2841 42
1385 2787 1393 2857 Ι
1435 2798 1730 2849 uetarentur,
1769 2804 1853 2836 em.

158 2864 432 2910 Vera-anius
475 2859 482 2926 Ι
523 2871 553 2914 8
582 2866 783 2923 insigni,
819 2866 942 2924 quod
975 2877 1119 2923 aeque
1148 2863 1294 2921 facile
1327 2864 1537 2921 corriyas
1574 2864 1620 2906 in
1655 2861 1855 2918 insigne,

147 2939 198 2977 at
220 2938 289 2977 est
309 2938 363 2990 4,
392 2939 450 2983 23
475 2940 519 2979 et
548 2940 628 2991 12,
659 2940 687 2982 3
711 2935 895 2992 insigne
921 2934 1286 2991 triumphalium;
1321 2933 1430 2977 add.
1461 2932 1644 2989 insigne
1675 2930 1854 2988 regium
