1976 3224
563 174 738 211 LIBER
762 173 877 210 xlv,
919 172 1042 210 CAP.
1072 170 1270 213 ‘zo-23.
1651 161 1753 211 263

84 303 422 354 certaminibus
451 302 603 350 sacris
632 300 1024 366 prohibebantur.
1077 300 1381 363 eloquentiae
1409 300 1584 364 primas
1611 314 1751 348 nemo

3 366 8 374 “
82 375 200 439 tulit,
215 374 302 423 sed
317 375 547 423 victorem
563 387 674 420 esse
689 369 948 419 Caesarem
970 372 1334 434 pronuntiatum.
1351 367 1522 418 Graeci
1539 370 1754 432 amictuS,

84 446 189 510 quis
220 459 309 508 per
336 458 422 492 eos
448 442 551 490 dies
577 441 798 506 plerique
826 442 1153 503 incesserant,
1189 447 1285 487 tum
1312 438 1644 488 exoleverant.

183 513 266 562 22.
303 512 434 562 Inter
470 527 593 576 quae
630 517 679 559 et
715 509 844 559 sidus
884 517 1100 559 cometes
1147 508 1350 571 effulsit,
1390 508 1450 556 de
1492 523 1586 573 quo
1620 509 1754 572 vulgi

83 585 245 649 opinio
273 591 346 631 est
369 589 605 646 tamquam
631 582 935 630 mutationem
961 581 1092 642 regis
1122 577 1393 644 portendat.
1446 579 1592 641 igitur
1617 578 1752 643 quasi

81 657 172 702 iam
197 652 400 717 depulso
422 651 631 714 Nerone,
661 652 876 715 quisnam
897 649 1191 712 deligeretur
1216 647 1547 712 anquirebant.
1590 655 1637 697 et
1655 663 1752 697 om-

82 725 206 772 nium
236 737 322 771 ore
350 721 601 771 Rubellius
633 720 828 770 Plautus
857 718 1159 782 celebratur,
1189 719 1264 767 cui
1290 718 1516 767 nobilitas
1543 734 1632 783 per
1653 733 1750 767 ma-

79 802 201 842 trem
233 808 296 841 ex
322 791 441 840 Iulia
479 791 672 839 familia.
719 791 826 854 ipse
861 789 1039 855 placita
1074 791 1304 838 maiorum
1335 787 1558 851 colebat,
1590 787 1752 837 habitu
1774 805 1794 837 5

79 876 284 924 severo,
337 868 467 909 casta
507 868 553 909 et
588 867 778 908 secreta
813 859 982 922 domo,
1022 866 1296 923 quantoque
1331 865 1459 907 metu
1494 857 1751 922 occultior,

78 940 209 981 tanto
232 931 341 996 plus
361 931 517 979 famae
540 929 758 994 adeptus.
796 930 928 979 auxit
945 943 1184 978 rumorem
1210 929 1312 993 pari
1331 929 1538 977 vanitate
1561 935 1664 978 orta
1684 929 1752 977 in-

77 1003 360 1066 terpretatio
381 1000 597 1063 fulguris.
639 1014 746 1047 nam
768 1000 878 1064 quia
897 998 1238 1047 discumbentis
1258 997 1467 1047 Neronis
1487 998 1612 1062 apud
1634 998 1752 1047 Sim-

79 1072 245 1120 bruina
266 1078 434 1134 stagna
453 1071 507 1118 in
524 1069 668 1131 villa,
697 1071 770 1118 cui
793 1068 1115 1134 Sublaqueum
1138 1083 1313 1117 nomen
1335 1075 1426 1131 est,
1453 1069 1579 1117 ictae
1601 1067 1754 1132 dapes

79 1155 338 1204 mensaque
359 1140 700 1202 disiectaerat,
722 1138 866 1203 idque
889 1139 1059 1187 finibus
1077 1138 1321 1187 Tiburtum
1341 1137 1602 1201 acciderat,
1628 1137 1752 1187 unde
1771 1159 1812 1194 10

80 1218 279 1275 paterna
305 1209 473 1258 Plauto
500 1211 671 1272 origo,
700 1208 826 1258 hunc
854 1209 986 1257 illum
1009 1209 1197 1257 numine
1224 1209 1363 1258 deum
1391 1207 1621 1257 destinari
1646 1222 1750 1256 cre-

79 1279 283 1342 debant,
324 1278 649 1343 fovebantque
675 1278 833 1340 multi,
874 1277 1046 1342 quibus
1070 1292 1197 1327 nova
1223 1285 1271 1326 et
1294 1278 1521 1342 ancipitia
1547 1292 1751 1342 praeco-

79 1350 183 1398 lere
208 1348 346 1398 avida
369 1356 415 1397 et
435 1349 717 1413 plerumque
737 1348 888 1397 fallax
911 1347 1106 1397 ambitio
1134 1354 1223 1397 est.
1263 1362 1384 1411 ergo
1406 1355 1653 1412 permotus
1677 1347 1753 1396 his

79 1419 212 1468 Nero
252 1420 496 1483 componit
533 1419 591 1468 ad
626 1417 839 1467 Plautum
877 1418 1068 1481 literas,
1113 1417 1392 1467 consuleret
1431 1417 1579 1482 quieti
1619 1416 1752 1468 urbis

80 1503 229 1552 seque
270 1503 418 1552 prava
459 1488 810 1537 diffamantibus
845 1488 1173 1537 subtraheret:
1211 1503 1322 1536 esse
1359 1487 1426 1536 illi
1470 1502 1558 1551 per
1583 1486 1750 1536 Asiam
1771 1509 1809 1543 15

79 1559 232 1607 avitos
260 1573 433 1621 agr08,
460 1560 507 1606 in
530 1558 701 1622 quibus
725 1565 823 1607 tuta
845 1565 893 1606 et
911 1558 1148 1607 inturbida
1175 1560 1368 1607 iuventa
1389 1557 1646 1605 frueretur.
1685 1559 1751 1606 ita

76 1627 192 1677 illuc
221 1642 323 1675 cum
352 1628 558 1691 coniuge
586 1628 798 1677 Antistia.
824 1635 872 1676 et
899 1629 1064 1694 paucis
1090 1628 1388 1678 familiarium
1417 1627 1677 1690 concessit.

176 1697 335 1746 Isdem
371 1697 540 1746 diebus
574 1699 716 1747 nimia
750 1698 890 1747 luxus
929 1698 1102 1762 cupido
1129 1698 1368 1747 infamiam
1409 1704 1456 1745 et
1482 1695 1751 1760 periculum

77 1766 257 1815 Neroni
285 1766 413 1829 tulit,
453 1769 562 1831 quia
598 1768 779 1816 fontem
808 1783 961 1833 aquae
987 1768 1199 1818 Marciae
1230 1766 1290 1817 ad
1319 1766 1486 1816 urbem
1512 1765 1748 1816 deductae

81 1835 234 1885 nando
261 1836 550 1892 incesserat;
588 1837 934 1902 videbaturque
961 1846 1104 1902 potus
1139 1851 1306 1887 sacros
1336 1845 1384 1886 et
1409 1837 1748 1886 caerimoniam
1764 1859 1807 1891 20

80 1906 175 1954 loci
203 1919 412 1969 corpore
439 1906 538 1954 loto
567 1906 818 1970 polluisse.
873 1915 1136 1972 secutaque
1166 1922 1349 1972 anceps
1374 1906 1602 1956 valetudo
1629 1908 1748 1954 iram

78 1975 216 2028 deum
249 1974 529 2023 adfirmavit.

181 2043 264 2095 23.
304 2045 366 2093 At
405 2043 619 2094 Corbulo
658 2053 770 2110 post
817 2045 972 2095 deleta
1010 2045 1241 2096 Artaxata
1288 2045 1512 2096 utendum
1559 2048 1747 2094 recenti

77 2122 264 2163 terrore
291 2122 419 2163 ratus
449 2114 505 2163 ad
534 2114 816 2180 occupanda
840 2115 1212 2178 Tigranocerta,
1241 2115 1413 2181 quibus
1441 2117 1622 2164 excisis
1650 2130 1745 2163 me·

76 2191 171 2232 tum
196 2183 401 2232 hostium
424 2183 694 2233 intenderet
721 2185 816 2246 vel,
844 2187 883 2233 si
910 2187 1233 2250 pepercisset,
1264 2186 1548 2234 clementiae
1574 2185 1747 2234 famam

77 2253 446 2317 adipisceretur,
489 2253 604 2302 illuc
645 2255 835 2318 pergit,
871 2269 967 2303 non
1005 2255 1195 2304 infenso
1232 2257 1478 2318 exercitu,
1521 2269 1582 2303 ne
1608 2270 1745 2319 spem

76 2323 245 2370 veniae
277 2323 515 2385 auferret,
551 2338 708 2387 neque
746 2330 903 2372 tamen
943 2326 1143 2374 remissa
1170 2340 1311 2387 cura,
1350 2340 1529 2389 gnarus
1555 2325 1744 2373 facilem
1766 2347 1786 2379 5

75 2398 250 2439 mutatu
275 2399 497 2455 gentem,
526 2400 576 2441 ut
601 2408 802 2456 segnem
830 2393 889 2442 ad
919 2395 1164 2459 pericula,
1200 2395 1264 2444 ita
1290 2395 1482 2443 infidam
1512 2394 1572 2443 ad
1603 2408 1744 2442 occa-

76 2462 256 2510 sioneS.
319 2460 539 2524 barbari,
580 2476 667 2527 pro
708 2464 904 2526 ingenio
942 2465 1173 2528 quisque,
1213 2464 1293 2514 alii
1331 2478 1506 2528 preces
1546 2463 1743 2524 offerre,

76 2529 265 2595 quidam
301 2529 531 2580 deserere
569 2532 706 2580 vicos
745 2540 792 2580 et
831 2535 877 2603 in
916 2535 1022 2583 avia
1057 2534 1268 2596 digredi;
1308 2548 1365 2582 ac
1399 2532 1537 2581 fuere
1573 2534 1652 2595 qui
1689 2546 1744 2580 se

74 2599 320 2663 speluncis
356 2607 403 2648 et
429 2601 673 2650 carissima
709 2617 871 2649 secum
899 2602 1145 2651 abderent.
1202 2604 1348 2666 igitur
1374 2601 1469 2650 dux
1500 2602 1743 2650 Romanus

76 2668 278 2718 diversis
307 2669 487 2719 artibus
504 2707 518 2733 ,
556 2670 884 2719 misericordia
911 2672 1144 2719 adversus
1170 2672 1445 2735 supplices,
1492 2670 1741 2719 celeritate
1763 2689 1804 2722 ιο

76 2737 306 2787 adversus
344 2739 605 2803 profugOS,
645 2741 818 2787 inmitis
858 2742 916 2788 iis
954 2742 1032 2804 qui
1070 2740 1281 2789 latebras
1317 2739 1622 2802 insederant,
1657 2754 1742 2788 ora

77 2813 126 2854 et
168 2808 323 2856 exitus
364 2824 594 2872 specuum
647 2811 898 2857 sarmentis
947 2810 1264 2874 virgultisque
1318 2808 1588 2874 completos
1643 2810 1742 2872 igni

77 2876 247 2925 exurit.
301 2884 443 2941 atque
480 2878 611 2927 illum
648 2880 767 2926 fines
808 2893 923 2927 suos
967 2879 1389 2943 praegredientem
1429 2879 1742 2927 incursavere
