1976 3224
532 178 708 230 LIBER
734 178 837 216 ΧΠ.
869 177 991 215 CAP.
1020 174 1190 218 7—12.
1624 165 1720 214 201

58 307 103 352 in
139 305 263 354 hunc
297 305 487 353 modum
523 305 775 369 incipiunt:
816 320 911 353 non
952 320 1005 353 se
1042 305 1256 353 foederis
1295 306 1493 367 ignaros
1527 319 1619 352 nec
1647 303 1726 353 de-

25 375 268 423 ‘fectione
307 390 333 423 a
372 374 550 423 familia
576 374 917 424 Arsacidarum
948 376 1143 436 venire,
1188 374 1275 422 sed
1315 374 1460 422 lilium
1489 374 1726 436 VononiS,

56 451 286 507 nepotem
331 444 549 494 Phraatis
598 459 860 493 accersere
922 444 1154 494 adversus
1210 444 1580 492 dominationem
1633 443 1725 492 Go-
1744 465 1765 497 5

58 515 203 562 tarzis
245 513 482 563 nobilitati
522 513 752 578 plebique
792 515 920 562 iuxta
960 513 1325 562 intolerandam.
1401 514 1492 561 iam
1535 514 1726 575 fratres,

56 585 150 632 iam
176 585 504 648 propinquos,
536 585 627 632 iam
654 583 847 647 longius
874 584 992 632 sitos
1020 582 1247 632 caedibus
1280 583 1566 639 exhaustos;
1606 582 1729 631 adici

58 653 293 716 coniuges
320 653 574 717 gravidaS,
602 653 786 702 liberos
814 668 1019 717 parVOS,
1057 653 1166 701 dum
1197 667 1370 701 socors
1399 652 1556 715 domi,
1586 651 1730 701 bellis

57 722 290 770 infaustus
324 724 565 785 ignaviam
599 724 796 772 saevitia
845 730 995 786 tegat.
1062 730 1277 771 veterem
1313 721 1404 771 sibi
1441 738 1498 771 ac
1534 721 1730 786 publice

57 799 280 856 coeptam
307 792 559 841 nobiscum
587 794 862 856 amicitiam,
906 801 952 841 et
980 791 1353 841 subveniendum
1381 793 1528 841 sociis
1561 793 1730 839 virium
1747 807 1792 842 ιο

57 861 254 910 aemulis
282 861 663 926 cedentibusque
696 877 786 927 per
813 864 1148 911 reverentiam.
1200 862 1311 910 ideo
1339 877 1509 925 regum
1535 860 1730 910 obsides

55 930 240 979 liberos
264 930 366 980 dari
394 939 474 994 ut,
502 933 541 980 si
568 932 860 981 domestici
846 933 1033 997 imperii
1058 931 1276 995 taedeat,
1306 934 1366 980 sit
1389 946 1646 995 regressus
1673 930 1731 979 ad

55 1001 323 1066 principem
345 1009 629 1066 patresque,
655 1016 856 1066 quorum
882 1001 1094 1090 moribus
1120 1001 1428 1050 adsuefactus
1453 1017 1542 1049 rex
1559 1001 1732 1049 melior

55 1069 427 1119 adscisceretur.
1326 1093 1331 1099 ·

166 1141 246 1188 11.
286 1140 381 1189 Ubi
417 1139 539 1188 haec
567 1147 708 1204 atque
736 1141 848 1189 talia
879 1141 1228 1203 dissertavere,
1269 1141 1436 1204 incipit
1463 1142 1732 1190 orationem

59 1208 239 1258 Caesar
277 1209 336 1257 de
370 1209 569 1271 fastigio
603 1209 820 1259 Romano
846 1210 1225 1273 Parthorumque
1262 1209 1535 1274 obsequiis:
1578 1225 1731 1274 seque

59 1279 171 1326 divo
211 1278 433 1341 Augusto
481 1278 807 1342 adaequabat,
850 1282 1049 1344 petitum
1089 1279 1147 1328 ab
1186 1275 1245 1327 eo
1282 1293 1451 1342 regem
1488 1280 1730 1343 referenS,

59 1349 235 1397 omissa
268 1344 458 1396 Tiberiiv
482 1350 732 1412 memoria,
775 1364 1064 1413 quamquam,
1084 1350 1125 1396 is
1153 1362 1346 1412 quoque
1375 1350 1613 1398 miserat(
1651 1349 1730 1397 ad-

58 1417 174 1466 didit
201 1425 467 1481 praecepta
495 1419 698 1483 (etenim
728 1418 893 1468 aderat
920 1417 1283 1482 Meherdates),
1317 1426 1366 1466 ut
1394 1434 1489 1467 non
1523 1418 1731 1467 domina·
1750 1433 1771 1464 5

55 1488 237 1534 tionem
256 1494 304 1535 et
325 1501 515 1550 servOS,
541 1487 626 1535 sed
646 1495 886 1537 rectorem
908 1495 955 1536 et
977 1489 1109 1536 cives
1132 1488 1386 1550 cogitaret,
1412 1488 1732 1537 clementiam-

58 1571 151 1622 que
177 1570 236 1605 ac
275 1557 526 1619 iustitiam,
560 1565 736 1621 quanto
772 1559 936 1620 ignota
962 1557 1212 1619 barbariS,
1250 1564 1380 1605 tanto
1417 1557 1622 1606 laetiora
1655 1572 1731 1605 ca-

57 1632 298 1691 pesseret.
360 1625 471 1674 hinc
507 1642 677 1675 versus
709 1627 769 1675 ad
794 1627 986 1690 legatos
1023 1626 1212 1675 extollit
1246 1625 1465 1675 laudibus
1497 1627 1733 1676 alumnum

56 1695 218 1758 urbis,
259 1702 511 1759 spectatae
540 1695 599 1744 ad
626 1696 671 1744 id
700 1696 990 1745 modestiae:
1035 1711 1092 1746 ac
1131 1703 1288 1744 tamen
1324 1696 1524 1745 ferenda
1561 1710 1734 1760 regum

58 1766 278 1827 ingenia,
315 1780 473 1828 neque
501 1767 604 1813 usui
635 1767 831 1814 crebras
858 1768 1159 1815 mutationes,
1222 1780 1323 1813 rem
1350 1766 1612 1815 Romanam
1640 1767 1733 1814 huc
1752 1780 1793 1813 ιο

59 1835 281 1882 satietate
302 1833 492 1895 gloriae
515 1844 812 1898 provectam,
838 1844 888 1884 ut
907 1837 1121 1884 externis
1142 1850 1335 1899 quoque
1350 1836 1582 1898 ‚gentibus
1604 1836 1732 1899 quie-

57 1911 154 1951 tem
182 1902 316 1954 velit.
370 1903 527 1951 datum
554 1905 757 1966 posthac
780 1904 834 1953 C.
859 1904 1054 1967 Cassio,
1083 1906 1162 1968 qui
1189 1905 1356 1952 Suriae
1382 1913 1623 1968 praeerat,
1653 1905 1732 1953 de-

59 1972 240 2021 ducere
265 1973 487 2020 iuvenem
512 1974 664 2036 ripam
688 1973 748 2023 ad
773 1973 1048 2037 Euphratis

168 2041 249 2090 12.
288 2040 360 2090 Ea
396 2049 685 2106 tempestate
721 2042 917 2094 Cassius
963 2050 1156 2092 ceteros
1193 2043 1522 2108 praeminebat
1560 2043 1734 2107 peritia

59 2111 248 2174 legum:
288 2126 395 2159 nam
421 2112 652 2160 militares
680 2119 808 2161 artes
838 2127 926 2176 per
954 2113 1098 2161 otium
1124 2115 1345 2176 ignotae,
1376 2113 1735 2175 industriosque

60 2187 138 2228 aut
164 2182 370 2243 ignavos
400 2196 494 2245 pax
516 2182 563 2229 in
589 2196 743 2247 aequo
770 2189 929 2230 tenet.'
959 2197 1015 2230 ac
1041 2190 1197 2230 tamen
1222 2191 1443 2245 quantum
1472 2183 1573 2229 sine
1601 2181 1734 2229 bello

59 2249 288 2312 dabatur,
314 2264 552 2299 revocare
574 2253 785 2315 priscum
810 2265 1020 2314 morem,
1049 2253 1320 2300 exercitare
1347 2253 1595 2314 legioneS,
1622 2265 1736 2299 cura

60 2320 260 2383 provisu
287 2320 486 2383 perinde
516 2335 665 2383 agere
692 2336 749 2369 ac
780 2322 820 2368 si
848 2320 1002 2369 hostis
1027 2322 1300 2384 ingrueret:
1326 2323 1390 2370 ita
1417 2321 1609 2384 dignum
1635 2336 1731 2369 ma·
1755 2337 1776 2368 5

59 2388 243 2438 iorjbus
277 2390 373 2437 suis
411 2397 457 2438 et
489 2389 665 2439 familia
694 2389 860 2439 Cassia
891 2395 1040 2439 ratus
1077 2405 1166 2455 per
1193 2389 1301 2439 illas
1330 2405 1522 2454 quoque
1560 2397 1734 2453 gentes

61 2457 319 2506 celebrata.
356 2460 503 2521 igitur
525 2461 697 2508 excitis
714 2474 914 2524 quorum
932 2459 991 2508 de
1013 2460 1249 2509 sententia
1272 2461 1448 2524 petitus
1467 2475 1574 2520 rex,
1604 2458 1733 2522 posi-

59 2529 217 2591 tisque
261 2530 431 2576 castris
483 2529 605 2592 apud
641 2529 875 2591 Zeugma,
921 2530 1044 2577 unde
1080 2531 1283 2578 maxime
1330 2531 1524 2594 pervius
1565 2528 1732 2589 amnis,

62 2605 314 2662 postquam
335 2596 562 2645 inlustres
585 2597 745 2646 Parthi
766 2613 951 2661 rexque
972 2598 1183 2646 Arabum
1204 2598 1427 2647 Acbarus
1453 2598 1732 2663 adven,erat

60 2673 222 2714 monet
257 2666 595 2729 Meherdaten,
650 2666 962 2715 barbarorum
1005 2670 1208 2747 impetus
1247 2682 1387 2716 acres
1429 2659 1791 2715 cunctationem

0 2783 3 2788 ,
60 2733 383 2797 languescere
423 2744 501 2785 aut
539 2737 583 2783 in
620 2735 869 2800 perfidiam
908 2737 1103 2784 mutari.
1156 2737 1219 2784 ita
1270 2742 1500 2798 urgueret
1539 2742 1732 2798 coepta.

64 2803 190 2865 quod
216 2813 426 2868 spretum
450 2805 619 2853 fraude
640 2804 836 2867 Acbari,
863 2807 942 2868 qui
963 2807 1182 2853 iuvenem
1203 2807 1420 2867 ignarum
1442 2812 1490 2853 et
1509 2818 1733 2853 summam

61 2870 294 2921 fortunam
321 2875 366 2921 in
394 2874 506 2923 luxu
532 2883 682 2923 ratum
708 2874 884 2923 multos
906 2890 996 2938 per
1016 2874 1117 2923 dies
1144 2875 1328 2923 attinuit
1354 2874 1478 2939 apud
1506 2874 1733 2939 oppidum

515 2959 538 2983 0
