1976 3224
652 209 830 246 menn·
854 207 931 246 1v.
961 207 1084 245 GAP.
1115 205 1154 246 1.
1203 198 1206 202 ’
1244 259 1246 261 .
1645 194 1743 250 113

216 339 286 381 28.
327 339 375 387 Q.
397 339 547 378 Vibius
569 337 751 378 Serenus
781 348 806 376 a
825 334 911 376 filio
935 341 1169 383 accusatus,
1220 333 1290 376 29.
1318 333 1386 375 30.
1413 335 1649 388 Amorgum
1670 335 1745 374 de-

133 404 324 453 portatur
335 411 355 445 3·
380 395 568 450 praemia
597 393 851 435 delatoribus
883 399 1050 434 statuta.
1105 391 1176 434 31.
1211 391 1258 431 Ρ.
1285 389 1456 432 Suillius
1485 392 1743 445 deportatur,

134 455 314 497 Firmius
337 459 486 493 senatu
507 457 709 492 movetur.
751 450 820 492 32.
844 449 912 491 33.
947 450 1150 490 Iudicium
1168 449 1220 489 de
1240 447 1306 488 his
1329 449 1564 490 annalibus.

221 511 292 553 34.
322 510 557 553 Cremutius
582 508 758 557 Cordus,
782 507 981 548 historiae
1003 508 1192 559 scriptor,
1215 506 1267 546 ob
1289 505 1408 546 Bruti
1431 512 1470 546 et
1491 507 1626 547 Cassii
1652 506 1743 546 lau-

136 571 211 610 des
236 573 456 608 accusatus
482 562 681 606 libere'se
704 564 891 604 defendit
911 571 952 604 et
977 563 1044 605 35.
1072 564 1199 603 vitam
1222 562 1474 603 abstinentia
1501 563 1614 612 finit3
1648 563 1744 604 libri

135 628 226 667 eius
250 624 433 665 cremati.
485 622 555 664 36.
589 622 807 674 Cyzicenis
837 621 1031 675 adempta
1062 621 1246 661 libertas.
1294 618 1363 660 37.
1388 619 1458 661 38.
1488 620 1648 674 Templi
1668 619 1745 660 ho-

135 695 279 724 norem
315 681 366 721 ab
399 680 599 733 Hispanis
636 679 819 719 oblatum
849 678 1039 719 Tiberius
1073 679 1245 731 spernit.
1304 676 1374 718 39.
1409 676 1585 717 Seianus
1616 678 1746 717 nimia

133 741 304 782 fortuna
333 748 501 786 socors,
539 736 701 776 Liviam
732 736 813 776 sibi
832 748 1006 776 uxorem
1030 748 1052 775 a
1082 736 1273 788 principe
1294 734 1419 790 petit,
1453 735 1523 786 qui
1552 734 1622 775 40.
1654 746 1745 774 mo-

134 797 252 837 deste
282 800 409 847 negat
437 800 477 833 et
503 792 644 834 Seiani
671 793 854 833 rationes
875 793 1042 833 refellit.
1086 793 1156 833 41.
1188 791 1264 831 Hic
1284 791 1503 845 augendae
1533 792 1745 845 potentiae

133 853 299 894 Tiberio
320 862 534 891 recessum
555 850 607 890 ab
629 850 733 890 urbe
754 850 915 898 suadet,
937 850 1007 890 42.
1037 849 1192 889 auditis
1216 850 1259 888 in
1281 861 1410 889 causa
1431 847 1745 897 VotieniMon-

133 910 220 950 tani
243 907 502 950 contumeliis
525 906 764 961 persuadet.
1739 952 1743 958 .

215 966 286 1008 43.
335 965 493 1005 Romae
532 964 765 1018 legationes
806 961 1055 1003 Graecorum
1101 963 1268 1003 auditae
1306 963 1359 1003 de
1389 963 1480 1002 iure
1515 965 1743 1016 asylorum.

134 1026 205 1066 44.
234 1024 347 1064 Mors
370 1022 559 1071 Lentuli,
587 1020 774 1068 Domitii,
800 1020 986 1060 Antonii.
1034 1020 1105 1061 45.
1138 1021 1184 1060 L.
1206 1019 1303 1061 Piso
1328 1026 1497 1073 praetor
1519 1033 1544 1060 a
1564 1022 1746 1072 quodam

135 1081 294 1135 agresti
326 1078 584 1119 interficitur.
634 1077 706 1119 46.
745 1076 952 1117 Thraeces
984 1078 1171 1117 montani
1200 1077 1450 1118 rebellantes
1490 1078 1693 1119 47—51.
1722 1091 1746 1119 a

137 1138 289 1179 Sabino
314 1136 548 1190 pelluntur,
571 1135 825 1184 caeduntur,
853 1135 1120 1184 obsidentur,
1146 1134 1302 1174 frustra
1326 1135 1544 1186 eruptione
1568 1134 1679 1181 facta
1700 1150 1746 1177 se

136 1195 310 1235 dedunt.

223 1251 292 1291 52.
334 1249 507 1290 Claudia
530 1247 709 1288 Pulchra
736 1249 893 1288 Romae
925 1248 1121 1289 adulterii
1159 1256 1354 1291 accusata
1387 1251 1622 1291 damnatur.
1673 1251 1744 1293 53.

135 1308 374 1362 Agrippina
407 1306 599 1345 maritum
635 1306 739 1358 petit
775 1317 852 1345 nec
887 1306 1094 1358 impetrat.
1155 1307 1226 1350 54.
1268 1307 1318 1347 Ei
1354 1307 1531 1357 Seianus
1567 1307 1746 1350 insidias

136 1365 272 1406 struit.
325 1363 396 1404 55.
435 1361 636 1403 Undecim
657 1363 783 1403 urbes
808 1363 936 1402 Asiae
964 1363 1016 1402 de
1048 1365 1201 1417 templo
1233 1365 1400 1405 Tiberio
1427 1365 1626 1405 struendo
1656 1378 1746 1406 cer-

135 1428 236 1462 tant.
284 1419 354 1461 56.
387 1419 566 1459 Praelati
602 1420 836 1471 Zmyrnaei.
874 1420 945 1460 57.
979 1419 1048 1460 58.
1087 1421 1280 1462 Tiberius
1307 1422 1435 1462 dubia
1466 1421 1518 1461 de
1551 1434 1678 1462 causa
1704 1423 1747 1462 in

136 1478 407 1531 Campaniam
428 1476 628 1528 abscedit,
660 1482 749 1517 arto
773 1477 984 1519 comitatu.
1031 1477 1102 1519 59.
1138 1479 1185 1518 In
1215 1480 1416 1532 spelunca
1444 1479 1662 1531 repentino
1687 1479 1747 1519 la-
1787 1498 1794 1503 ·

135 1535 279 1588 pidum
309 1534 431 1587 lapsu
456 1533 713 1586 periclitatus
735 1547 760 1574 a
789 1533 939 1574 Seiano
962 1541 1176 1584 servatur3
1209 1535 1307 1576 hine
1332 1537 1467 1576 maior
1501 1535 1592 1575 eius
1622 1535 1745 1577 fides.

135 1591 344 1632 Neronem
366 1588 601 1630 Germanici
623 1591 872 1644 aggreditur
896 1597 936 1630 et
957 1591 1026 1632 60.
1052 1593 1271 1634 calumniis
1294 1591 1511 1634 subvertit.
1535 1592 1605 1634 61.
1633 1593 1747 1634 Mors

135 1648 273 1688 Asinii
297 1648 514 1700 Agrippae
533 1654 573 1687 et
595 1647 644 1696 Q.
674 1648 843 1689 Haterii.
1145 1648 1155 1655 '

216 1704 285 1745 62.
315 1703 386 1746 63.
432 1703 743 1757 Amphitheatri
765 1718 866 1746 casu
885 1705 1054 1746 Fidenis
1077 1707 1208 1748 multa
1231 1707 1447 1748 hominum
1466 1708 1582 1749 milia
1600 1709 1748 1750 debili-

135 1768 221 1802 tata
243 1762 310 1801 vel
327 1761 486 1801 obruta.
537 1760 607 1802 64.
630 1761 700 1803 65.
730 1762 889 1802 Romae
912 1763 1153 1804 incendium
1178 1765 1314 1805 deurit
1335 1763 1522 1807 Caelium
1544 1772 1744 1806 montem.

135 1818 205 1860 66.
242 1818 381 1857 Varus
406 1825 638 1858 accusatur.
689 1817 762 1860 67.
797 1819 998 1872 Princeps
1037 1822 1080 1860 in
1110 1821 1291 1862 insulam
1318 1821 1501 1876 Capreas
1531 1836 1576 1864 se
1615 1824 1743 1864 abdit.

135 1874 321 1916 68—70.
360 1873 492 1914 Titius
516 1873 694 1914 Sabinus
716 1876 829 1928 turpi
863 1876 1011 1916 fraude
1046 1878 1353 1919 circumventus
1382 1880 1605 1920 damnatur
1639 1881 1745 1934 ipsis

135 1932 235 1971 anni
256 1929 470 1970 Kalendis.
519 1931 586 1971 71.
619 1931 811 1972 Tiberius
833 1939 1016 1973 mentem
1040 1947 1159 1974 suam
1179 1936 1337 1976 recludi
1359 1936 1616 1990 indignatur.
1640 1938 1747 1978 Iulia

135 1989 273 2042 neptis
295 1987 599 2040 Augustilobit.
640 1988 709 2028 72.
735 1989 905 2039 Frisios,
929 1990 1042 2040 quod
1069 2004 1194 2032 avare
1213 1992 1358 2042 habiti,
1380 1994 1644 2034 rebellantes.
1673 1993 1742 2035 73.

135 2044 423 2097 L..Apronius
445 2057 685 2097 repressum
709 2046 753 2095 it,
775 2058 925 2098 parum
948 2046 1138 2088 feliciter.
1189 2050 1258 2090 74.
1280 2049 1432 2102 Turpis
1461 2050 1643 2091 adulatio
1678 2064 1746 2091 se-

135 2107 273 2155 natus.
307 2099 449 2140 Seiani
470 2102 725 2154 arrogantia.
768 2102 837 2144 75.
863 2103 936 2144 Cn.
965 2103 1173 2146 Domitius
1195 2107 1490 2159 Agrippinam,
1511 2105 1747 2148 Germanici

135 2157 277 2207 filiam,
303 2169 476 2198 uxorem
501 2159 663 2212 accipit.

222 2214 333 2254 Haec
367 2215 568 2255 sexennio
604 2215 692 2256 fere
725 2224 846 2271 gesta
872 2229 981 2259 coss.
1012 2219 1056 2259 C.
1079 2218 1228 2259 Asinio
1250 2219 1293 2260 C.
1317 2220 1523 2269 Antistio,
1553 2220 1743 2262 Cornelio

133 2270 321 2324 Cethego
344 2271 519 2312 Visellio
535 2270 739 2323 Varrone,
767 2273 897 2315 Cosso
925 2275 1100 2331 Lentulo
1123 2277 1271 2316 Asinio
1295 2277 1503 2331 Agrippa,
1532 2277 1606 2319 Cn.
1634 2278 1744 2318 Len-

134 2327 222 2368 tulo
247 2327 457 2370 Gaetulico
483 2329 526 2370 C.
549 2329 752 2380 Calvisio,
794 2331 847 2372 M.
872 2332 1032 2373 Licinio
1058 2333 1208 2382 Crasso
1237 2333 1286 2376 L.
1320 2334 1546 2388 Calpurnio
1575 2335 1741 2385 Pisone,

135 2384 245 2438 App.
269 2386 387 2425 Iunio
411 2384 551 2427 Silano
573 2386 618 2426 P.
648 2386 748 2428 Silio
775 2388 925 2433 Nerva.

181 2483 224 2530 1.
266 2482 320 2532 C.
345 2484 513 2533 Asinio
545 2484 599 2534 C.
627 2486 834 2536 Antistio
868 2489 1148 2538 consulibus
1187 2504 1339 2538 nonus
1367 2490 1562 2539 Tiberio
1594 2505 1742 2538 annus

78 2559 183 2601 erat
219 2556 518 2617 compositae
554 2558 623 2603 rei
658 2557 904 2621 publicae,
941 2559 1157 2608 florentis
1194 2559 1359 2607 domus
1390 2561 1524 2624 (nam
1552 2560 1742 2610 Germa-

78 2620 172 2668 nici
206 2631 407 2671 mortem
440 2625 564 2673 inter
598 2640 839 2691 prospera
871 2628 1127 2691 ducebat),
1167 2644 1270 2676 cum
1309 2637 1511 2692 repente
1549 2629 1742 2678 turbare

78 2687 267 2741 fortuna
299 2695 487 2759 coepit,
528 2697 716 2743 saevire
742 2698 848 2760 ipse
875 2705 952 2745 aut
978 2698 1302 2746 saevientibus
1333 2700 1459 2746 vires
1486 2699 1742 2762 praebere.

79 2757 255 2808 initium
297 2770 343 2811 et
379 2779 523 2814 causa
561 2780 713 2830 penes
749 2766 938 2814 Aelium
974 2768 1196 2815 Seianum
1233 2767 1513 2816 cohortibus
1552 2777 1742 2833 praeto·
1764 2783 1786 2816 5

79 2826 161 2875 riis
193 2832 517 2897 praefectum,
559 2837 695 2884 cuius
742 2836 800 2884 de
846 2837 1059 2899 potentia
1101 2852 1245 2901 supra
1288 2840 1574 2888 memoravi:
1618 2854 1744 2888 nunc

75 2897 332 2962 originem,
357 2917 535 2968 mores,
564 2912 611 2953 et
639 2920 733 2970 quo
760 2906 975 2955 facinore
1007 2907 1379 2956 dominationem
1402 2916 1589 2973 raptum
1616 2911 1741 2973 ierit,

150 2982 294 3015 TACITI
315 2988 430 3020 PARS
452 2990 480 3020 1.
1441 2979 1471 3029 8
