1976 3224
126 200 192 252 68
547 211 823 250 CORNELII
861 211 1055 249 ΤΑΟῙΤΙ
1082 211 1387 250 ANNALIUM

125 340 271 390 funda
299 339 529 401 altitudo,
563 340 705 388 nullis
734 340 1066 403 inquirentium
1094 340 1259 404 spatiis
1289 339 1618 403 penetrabilis.
1677 342 1800 388 exim

126 417 321 458 ventum
347 408 703 473 Elephantinen
741 425 796 457 ac
826 409 1044 471 Syenen,
1087 409 1294 457 claustra
1327 408 1439 457 olim
1479 410 1682 458 Romani
1719 411 1799 457 im·
1836 467 1839 469 ¹

127 480 282 544 perii,
314 479 444 543 quod
470 493 595 527 nunc
619 478 814 526 rubrum
843 478 902 526 ad
926 493 1057 526 mare
1088 478 1309 542 patescit.

233 548 316 598 62.
367 548 490 596 Dum
540 563 597 597 ea
642 556 802 597 aestas
846 547 1130 597 Germanico
1182 548 1346 611 plures
1392 563 1485 612 per
1525 548 1802 612 provincias

119 618 434 681 transigitur,
473 617 612 666 haud·
634 618 745 666 leve
782 617 930 665 decus
958 617 1139 665 Drusus
1169 619 1406 680 quaesivit
1439 617 1657 665 inliciens
1685 616 1801 666 Ger-

124 702 293 736 manos
330 687 391 736 ad
429 686 694 735 discordias
732 694 876 751 utque
919 687 1075 735 fracto
1112 687 1203 734 iam
1237 686 1535 736 Maroboduo
1568 701 1719 751 usque
1756 688 1803 735 in

128 757 322 806 exitium
364 759 680 805 insisteretur.
744 764 848 804 erat
885 758 1008 804 inter
1034 755 1250 805 Gotones
1285 756 1461 805 nobilis
1497 757 1679 804 iuvenis
1716 770 1799 804 no-

90 828 252 877 smine
291 825 550 888 Catualda,
588 826 826 890 profugus
866 826 978 874 olim
1017 826 1065 873 vi
1099 825 1382 874 Marobodui
1409 833 1455 874 et
1498 833 1610 874 tunc
1648 825 1802 874 dubiis
1874 853 1878 856 -

125 895 271 946 rebus
298 897 400 944 eius
426 895 655 944 ultionem
682 899 861 950 ausus·
900 897 940 943 is
965 895 1122 943 valida
1151 898 1303 943 manu'
1325 896 1444 944 fines
1472 895 1800 944 Marcomano—

126 981 230 1014 rum
256 964 523 1029 ingreditur
549 967 888 1029 corruptisque
915 964 1203 1029 primoribus
1232 965 1291 1013 ad
1320 967 1603 1014 societatem
1630 966 1800 1013 inrum-

128 1037 198 1101 pit
221 1036 407 1098 regiam
438 1035 784 1098 castellumque
814 1036 943 1083 iuxta
968 1035 1122 1082 situm.
1185 1042 1380 1083 veteres
1408 1035 1508 1082 illic
1533 1034 1801 1083 Sueborum

128 1105 340 1170 praedae
379 1111 426 1152 et
455 1106 635 1152 nostris
668 1119 693 1152 e
718 1105 982 1169 provinciis
1012 1103 1141 1152 lixae
1169 1119 1226 1153 ac
1245 1104 1577 1167 negotiatores
1601 1106 1802 1168 reperti,

70 1191 110 1224 10
129 1190 250 1239 quos
280 1176 353 1232 ius
386 1175 688 1236 commercii,
729 1173 837 1221 dein
868 1173 1042 1238 cupido
1071 1173 1277 1236 augendi
1306 1175 1583 1238 pecuniam,
1615 1180 1802 1237 postre-

126 1259 251 1293 mum
295 1243 477 1293 oblivio
525 1245 709 1307 patriae
757 1243 852 1291 suis
895 1258 1131 1308 quemque
1171 1243 1230 1291 ab
1266 1243 1460 1291 sedibus
1498 1242 1722 1292 hostilem
1758 1243 1804 1290 in

127 1328 294 1378 agrum
319 1313 643 1362 transtulerat.

233 1383 316 1433 63.
364 1382 663 1431 Maroboduo
711 1383 918 1445 undique
964 1383 1159 1432 deserto
1217 1396 1313 1429 non
1367 1381 1492 1429 aliud
1546 1380 1805 1436 subsidium

127 1468 266 1517 quam
312 1451 645 1500 misericordia
693 1451 917 1513 Caesaris
967 1452 1069 1499 fuit.
1145 1459 1480 1514 transgressus
1525 1450 1802 1511 Danuvium,

127 1538 219 1587 qua
245 1522 473 1570 Noricam
509 1522 806 1586 provinciam
840 1521 1088 1585 praefluit,
1148 1521 1342 1584 scripsit
1381 1520 1578 1568 Tiberio
1620 1533 1715 1567 non
1755 1526 1804 1566 ut

127 1592 364 1657 profugus
392 1599 471 1639 aut
497 1591 733 1655 supplex,
769 1592 854 1638 sed
878 1606 939 1638 ex
964 1592 1193 1638 memoria
1221 1591 1398 1654 prioris
1424 1590 1670 1637 fortunae:
1699 1603 1825 1636 namx

127 1662 283 1709 multis
320 1660 591 1708 nationibus
635 1660 947 1708 clarissimum
984 1659 1219 1723 quondam
1256 1674 1425 1721 regem
1453 1658 1512 1706 ad
1542 1673 1594 1706 se
1623 1672 1802 1706 vocan-

126 1730 252 1778 tibus
294 1730 558 1778 Romanam
611 1730 861 1777 amicitiam
907 1729 1212 1792 praetulisse.
1286 1742 1572 1793 responsum
1621 1742 1646 1775 a
1685 1726 1800 1775 Cae-

127 1814 236 1849 sare
265 1807 409 1847 tutam
440 1800 484 1846 ei
510 1798 886 1862 honoratamque
913 1799 1077 1846 sedem
1103 1799 1149 1845 in
1177 1797 1312 1846 ltalia
1341 1798 1475 1860 fore,
1505 1799 1543 1845 si
1563 1803 1801 1845 maneret:

127 1871 200 1918 sin
244 1868 392 1917 rebus
434 1870 535 1916 eius
575 1868 701 1916 aliud
743 1868 1068 1930 conduceret,
1123 1867 1356 1915 abiturum
1395 1867 1487 1915 fide
1525 1882 1616 1930 qua
1646 1867 1803 1914 venis-

128 1946 217 1988 set.
285 1946 498 1987 ceterum
542 1938 666 2001 apud
701 1945 915 1986 senatum
952 1937 1178 1986 disseruit
1218 1951 1313 1984 non
1347 1936 1617 2000 Philippum
1659 1935 1804 1983 Athe-

70 2024 110 2057 10
129 2007 406 2069 niensibus,
445 2021 542 2055 non
567 2007 765 2068 Pyrrum
801 2014 879 2055 aut
903 2006 1193 2055 Antiochum
1235 2007 1418 2071 populo
1445 2007 1661 2055 Romano
1699 2020 1805 2070 per·

126 2078 237 2126 inde
270 2077 553 2125 metuendos
584 2078 751 2125 fuisse.
803 2084 932 2125 extat
970 2078 1151 2139 oratio,
1187 2092 1276 2140 qua
1303 2076 1672 2138 magnitudinem
1701 2074 1804 2136 viri,

124 2148 404 2196 violentiam
442 2147 766 2195 subiectarum
799 2148 843 2195 ei
879 2147 1092 2210 gentium
1131 2153 1180 2193 et
1218 2160 1355 2209 quam
1384 2145 1684 2209 propinquus
1715 2142 1804 2191 Ita-

125 2217 221 2265 liae
247 2216 426 2278 hostiS,
457 2231 637 2280 suaque
659 2218 704 2264 in
727 2215 1016 2264 destruendo
1040 2230 1099 2263 eo
1122 2215 1321 2263 consilia
1342 2214 1525 2262 extulit.
1582 2221 1628 2261 et
1649 2212 1804 2261 Maro-

126 2285 315 2334 boduus
356 2285 545 2348 quidem
582 2286 842 2334 Ravennae
879 2284 1092 2347 habitus,
1146 2286 1184 2331 si
1225 2283 1412 2348 quando
1454 2283 1807 2331 insolescerent

72 2365 110 2397 15
129 2353 304 2417 Suebi,
349 2355 485 2417 quasi
512 2354 751 2402 rediturus
779 2356 825 2401 in
848 2369 1050 2415 regnum
1078 2353 1432 2402 ostentabatur:
1473 2352 1559 2400 sed
1596 2366 1692 2399 non
1724 2366 1802 2399 ex-

130 2424 279 2473 cessit
324 2422 462 2471 Italia
508 2437 597 2487 per
652 2423 981 2484 duodeviginti
1028 2437 1178 2470 annos
1227 2423 1574 2485 consenuitque
1613 2420 1803 2468 multum

127 2495 367 2542 imminuta
403 2492 621 2541 claritate
661 2492 722 2540 ob
760 2493 948 2539 nimiam
981 2491 1172 2539 vivendi
1215 2491 1499 2555 cupidinem.
1564 2490 1688 2539 idem
1718 2488 1801 2538 Ca-

128 2563 318 2611 tualdae
363 2577 502 2610 casus
551 2577 708 2626 neque
754 2561 880 2609 aliud
928 2561 1216 2625 perfugium.
1293 2560 1459 2624 pulsus
1494 2559 1616 2609 haud
1655 2559 1802 2607 multo

127 2640 242 2696 post
280 2631 719 2680 Hermundurorum
771 2630 943 2695 opibus
979 2638 1026 2678 et
1062 2630 1241 2679 Vibilio
1283 2629 1430 2691 duce,
1479 2637 1803 2693 receptusque

69 2715 111 2747 20
130 2701 306 2750 Forum
325 2700 511 2763 Iulium,
537 2701 867 2749 Narbonensis
889 2700 1073 2748 Galliae
1093 2700 1346 2761 coloniam,
1369 2700 1575 2748 mittitur.
1613 2698 1804 2746 barbari

128 2778 378 2833 utrumque
418 2771 625 2819 comitati
661 2785 722 2818 ne
764 2770 950 2833 quietas
988 2769 1260 2833 provincias
1302 2769 1494 2816 immixti
1542 2767 1803 2830 turbarent,

128 2840 394 2887 Danuvium
419 2839 543 2888 ultra
570 2841 694 2888 inter
720 2839 906 2887 flumina
933 2838 1113 2886 Marum
1146 2846 1192 2887 et
1220 2837 1391 2887 Cusum
1421 2838 1665 2899 locantur,
1694 2836 1803 2885 dato

130 2923 251 2971 rege
279 2909 468 2956 Vannio
495 2910 652 2970 gentis
682 2908 969 2969 Quadorum.
