1976 3224
537 170 713 207 LIBER
735 170 834 207 XII.
865 169 987 208 CAP.
1012 168 1210 212 17—23.
1450 148 1452 153 ’
1619 158 1722 210 205

49 295 397 358 Mithridatem,
436 310 527 342 nec
564 294 654 342 sibi
681 296 775 342 vim
815 295 873 357 ad
911 296 1274 359 exsequendum
1319 297 1521 346 deesse:
1559 312 1725 346 verum

47 366 111 414 ita
148 364 421 414 maioribus·
446 364 697 428 placitum,
741 372 914 430 quanta
938 367 1217 429 pervicacia
1252 368 1300 414 in
1337 367 1555 429 hostem,
1595 373 1725 416 tanta

48 434 368 483 beneficentia
395 433 626 482 adversus
655 434 907 499 supplices
941 435 1190 492 utendum;
1227 451 1334 484 nam
1361 437 1628 500 triumphos
1663 435 1722 484 de

49 505 244 569 populis
275 505 539 568 regnisque
564 506 766 568 integris
791 505 992 568 acquiri.

152 573 236 622 21.
275 573 496 622 Traditus
532 574 736 637 posthac
769 573 1068 623 Mithridates
1106 582 1371 639 vectusque
1397 576 1599 624 Romam
1635 589 1724 639 per

47 643 228 692 Iunium
255 641 491 706 Cilonem,
518 651 886 708 procuratorem
912 643 1070 707 Ponti,
1098 645 1313 693 ferocius
1342 660 1480 708 quam
1507 659 1595 709 pro
1625 644 1722 692 for-

47 721 159 761 tuna
184 713 472 760 disseruisse
499 713 624 778 apud
653 711 911 761 Caesarem
939 713 1213 776 ferebatur,
1242 714 1468 778 elataque
1499 729 1596 762 vox
1622 715 1724 761 eius

48 783 96 830 in
119 781 314 845 vulgum
346 781 481 830 hisce
506 783 671 830 verbis
705 783 833 831 enon
868 798 969 831 sum
994 785 1224 832 remissus
1250 783 1309 832 ad
1336 792 1409 847 te,
1449 784 1535 832 sed
1561 799 1724 832 rever-

49 867 156 900 sus:
202 851 283 900 vel
323 852 362 900 si
397 866 492 900 non
531 852 713 914 crediS,
761 851 939 901 dimitte
976 861 1022 901 et
1061 856 1287 917 quaere.'
1357 854 1488 902 vultu
1530 867 1724 917 quoque
1747 871 1767 904 5

47 922 265 970 interrito
292 923 580 986 permansit,
623 937 728 970 cum
753 929 911 971 rostra
937 924 1066 972 iuxta
1097 922 1373 972 custodibus
1403 923 1724 972 circumdatus

47 993 170 1040 visui
195 991 378 1056 populo
398 991 741 1055 praeberetur.
792 992 1062 1042 consularia
1086 994 1292 1056 insignia
1316 992 1491 1055 Ciloni,
1518 993 1723 1058 Aquilae

49 1063 295 1126 praetoria
323 1061 659 1110 decernuntur.

153 1129 237 1178 22.
282 1130 442 1178 Isdem
479 1131 756 1180 consulibus
802 1140 941 1181 atrox
987 1131 1082 1180 odii
1125 1131 1400 1196 Agrippina
1445 1147 1502 1182 ac
1542 1132 1726 1183 Lolliae

48 1200 261 1263 infensa,
313 1200 441 1264 quod
485 1216 649 1249 secum
698 1201 757 1250 de
807 1202 1104 1250 matrimonio
1143 1203 1379 1266 principis
1419 1203 1724 1264 certavisset,

49 1270 241 1319 molitur
268 1271 460 1319 crimina
486 1277 533 1334 >et
558 1278 916 1332 accusatorem,
945 1273 1025 1335 qui
1051 1269 1270 1320 obiceret
1296 1271 1597 1335 Chaldaeos,
1626 1287 1724 1320 ma-

49 1355 142 1402 gos
163 1340 604 1403 interrogatumque
623 1340 867 1405 Apollinis
889 1339 1034 1390 Clarii
1055 1341 1358 1390 simulacrum
1378 1357 1526 1407 super
1546 1342 1726 1406 nuptiis

50 1410 370 1474 imperatoris.
434 1411 560 1458 exim
586 1408 812 1460 Claudius
837 1410 1043 1460 inaudita
1071 1426 1155 1460 rea
1180 1411 1325 1460 multa
1352 1410 1412 1459 de
1441 1410 1725 1460 claritudine
1745 1429 1767 1461 ⁵

50 1480 154 1528 eius
179 1479 305 1543 apud
332 1486 546 1529 senatum
573 1480 842 1544 praefatuS,
870 1494 1041 1530 sorore
1065 1479 1116 1528 L.
1144 1480 1332 1530 Volusii
1359 1482 1597 1543 genitam,
1628 1496 1724 1528 ma-

50 1551 200 1598 iorem
229 1550 271 1597 ei
302 1556 517 1612 patruum
538 1548 727 1599 Cottam
741 1549 1050 1600 Messalinum
1071 1565 1208 1612 esse,
1235 1549 1459 1600 Memmio
1487 1550 1725 1614 quondam

48 1618 240 1682 Regulo
269 1626 460 1684 nuptam
490 1621 623 1685 (nam
650 1619 708 1668 de
736 1619 822 1670 Gai
844 1618 1069 1669 Caesaris
1093 1621 1270 1684 nuptiis
1301 1620 1523 1668 consulto
1550 1622 1723 1668 retice-

49 1687 186 1751 bat),
216 1687 393 1738 addidit
418 1690 694 1754 perniciosa
715 1690 761 1737 in
786 1705 889 1738 rem
914 1689 1155 1754 publicam
1179 1690 1379 1739 consilia
1407 1698 1453 1738 et
1477 1691 1725 1738 materiem

51 1757 230 1806 sceleri
257 1758 622 1808 detrahendam:
652 1761 791 1824 proIn
812 1758 1067 1824 publicatis
1094 1758 1234 1808 bonis
1256 1759 1453 1809 cederet
1472 1759 1626 1808 Italia.
1660 1760 1724 1807 ita
1742 1774 1784 1808 ιο

53 1827 402 1891 quinquagiens
435 1831 707 1877 sestertium
740 1844 802 1877 ex
838 1828 1012 1893 opibus
1049 1830 1290 1878 immensis
1322 1829 1450 1877 exuli
1487 1829 1724 1878 relictum.

52 1904 100 1945 et
126 1894 384 1960 Calpurnia
421 1897 632 1946 inlustris
668 1898 842 1947 femina
876 1899 1193 1962 pervertitur,
1231 1901 1340 1962 quIa
1380 1898 1582 1948 formam
1623 1900 1726 1946 eius

50 1965 328 2014 laudaverat
348 1967 596 2030 princepS,
619 1967 749 2015 nulla
773 1966 985 2030 libidine,
1010 1967 1095 2016 sed
1119 1968 1315 2017 fortuito
1338 1983 1579 2030 sermone,
1600 1967 1725 2016 unde

52 2036 123 2084 ira
142 2035 448 2100 Agrippinae
474 2038 592 2085 citra
614 2037 775 2085 ultima
795 2037 941 2085 stetit.
985 2038 1030 2084 in
1050 2037 1249 2086 Lolliam
1272 2038 1468 2086 mittitur
1491 2037 1723 2098 tribuum,

51 2121 78 2154 a
99 2121 192 2170 quo
220 2105 279 2154 ad
304 2113 505 2154 mortem
531 2106 823 2169 adigeretur.
875 2105 1118 2155 damnatus
1145 2115 1192 2155 et
1216 2107 1329 2170 lege
1354 2105 1725 2171 repetundarum
1743 2121 1784 2155 15

53 2173 228 2224 Cadius
257 2175 410 2224 Rufus
439 2175 776 2225 accusantibus
802 2176 1035 2237 Bithynis

154 2244 237 2295 23.
274 2244 456 2294 Galliae
475 2244 780 2295 Narbonensi
801 2245 864 2295 ob
884 2247 1131 2310 egregiam
1150 2248 1198 2296 in
1222 2254 1384 2311 patres
1405 2247 1725 2296 reverentiam

60 2314 235 2376 iatum,
273 2321 323 2362 ut
360 2314 663 2364 senatoribus
701 2317 802 2364 eius
832 2317 1111 2380 provinciae
1139 2330 1236 2366 non
1271 2318 1511 2381 exquisita
1549 2317 1722 2382 princi-

52 2383 127 2448 pis
156 2385 418 2448 sententia,
458 2387 560 2434 iure
601 2400 695 2450 quo
725 2386 887 2435 Sicilia
916 2385 1200 2449 haberetur,
1242 2402 1323 2435 res
1359 2402 1470 2436 suas
1512 2387 1723 2435 invisere

52 2452 240 2502 liceret.
299 2453 572 2518 Ituraeique
604 2463 651 2503 et
677 2455 840 2505 Iudaei
867 2455 1104 2505 defunctis
1131 2455 1358 2519 regibuS,
1386 2455 1626 2505 Sohaemo
1655 2463 1720 2504 at-

53 2537 147 2587 que
165 2522 405 2588 Agrippa,
430 2526 710 2587 provinciae
725 2526 893 2575 Suriae
915 2525 1074 2575 additi.
1120 2526 1296 2575 Salutis
1318 2527 1564 2588 augurium
1587 2526 1719 2588 quin·
1741 2545 1760 2574 3

55 2606 147 2656 que
177 2601 222 2641 et
248 2595 552 2659 septuaginta
577 2594 709 2643 annis
736 2597 961 2644 omissum
984 2597 1142 2659 repeti
1170 2610 1227 2644 ac
1254 2595 1423 2644 deinde
1455 2594 1720 2643 continuari

54 2661 294 2724 placitum.
347 2671 394 2711 et
422 2665 685 2728 pomerium
710 2664 840 2713 urbis
867 2666 996 2714 auxit
1024 2663 1221 2727 Caesar,
1247 2680 1380 2714 more
1408 2666 1597 2729 priscO,
1624 2678 1718 2727 quo

54 2731 112 2778 iis
138 2733 214 2796 qui
236 2733 480 2797 protulere
507 2734 756 2798 imperium
773 2736 914 2783 etiam
934 2735 1163 2783 terminos
1191 2734 1320 2784 urbis
1343 2748 1619 2799 propagare
1641 2732 1719 2782 da-

56 2806 145 2848 tur.
196 2817 287 2851 nec
311 2811 466 2851 tamen
494 2803 641 2852 duces
663 2804 893 2867 Romani,
923 2819 1206 2868 quamquam
1233 2804 1419 2867 magnis
1450 2802 1719 2852 nationibus

55 2868 292 2937 subactiS,
319 2881 692 2939 usurpaverant,
722 2875 812 2922 nisi
837 2872 888 2922 L.
917 2873 1049 2927 Sulla
1075 2881 1121 2922 et
1152 2873 1286 2923 divus
1314 2872 1576 2937 Augustus
1739 2886 1779 2920 10
