1976 3224
540 207 715 244 Lmen
744 208 803 247 11.
833 207 956 245 CAP.
983 207 1182 251 82—-88.
1632 201 1697 248 77

37 320 202 382 delicti
222 332 471 380 manifesta
500 333 730 382 ultionem
755 335 878 397 legis
903 335 1158 383 omisisset.
1206 344 1348 400 atque
1370 337 1454 386 illo
1474 345 1695 400 praeten-

35 401 182 451 dente
217 403 466 464 sexaginta
504 402 606 449 dies
642 403 702 451 ad
739 404 1097 452 consultandum
1132 405 1270 454 datos
1308 407 1510 454 necdum
1557 422 1695 471 prae-

38 471 238 531 terisse,
280 472 395 518 satis
429 472 580 518 visum
620 471 680 519 de
713 472 901 521 Vistilia
940 480 1175 529 statuere;
1224 489 1378 538 eaque
1411 476 1456 522 in
1495 476 1695 524 insulam
1716 493 1753 525 10

38 538 278 602 Seriphon
304 539 462 587 abdita
491 547 578 586 est.
632 548 786 588 actum
816 549 863 590 et
893 541 953 590 de
992 543 1143 590 sacris
1173 542 1428 607 Aegyptiis
1468 543 1694 593 Iudaicis-

36 622 131 671 que
164 608 403 671 pellendis
432 609 704 672 factumque
732 619 917 673 patrum
945 612 1227 673 consultum,
1254 620 1304 660 ut
1330 620 1550 675 quattuor
1570 614 1698 662 milia

35 675 246 725 libertini
273 677 468 739 generis
495 691 551 724 ea
577 680 920 741 superstitione
947 680 1147 742 infecta,
1187 682 1291 743 quis
1332 682 1506 729 idonea
1543 690 1695 743 aetaS,

35 745 83 793 in
111 745 311 793 insulam
337 746 602 794 Sardiniam
629 747 949 810 veherentur,
982 750 1268 797 coercendis
1295 750 1395 797 illic
1433 750 1695 799 latrociniis

36 821 111 876 et,
150 817 190 862 si
229 814 290 862 ob
321 816 604 877 gravitatem
642 817 764 865 caeli
796 818 1094 879 interissent,
1132 818 1229 866 vile
1264 815 1503 874 damnum:
1545 821 1754 868 ceteri15

35 883 266 932 cederent
284 883 435 946 Italia,
457 885 546 932 nisi
570 893 748 933 certam
771 894 877 934 ante
901 886 1023 934 diem
1045 887 1276 949 profanos
1298 889 1414 936 ritus
1432 891 1694 937 exuissent.

141 953 225 1003 86.
258 953 372 1002 Post
399 968 522 1018 quae
548 955 729 1003 rettulit
754 953 935 1003 Caesar
962 956 1242 1019 capiendam
1278 957 1512 1019 virginem
1546 959 1593 1005 in
1626 958 1695 1006 lo-

34 1035 140 1070 cum
167 1020 375 1084 Occiae,
402 1037 524 1086 quae
552 1031 738 1086 septem
766 1031 813 1072 et
838 1025 1177 1087 quinquaginta
1207 1040 1295 1088 per
1332 1040 1482 1073 annos
1519 1041 1698 1074 summa

35 1091 342 1140 sanctimonia
386 1091 663 1140 Vestalibus
713 1093 863 1140 sacris
907 1093 1242 1156 praesederat:
1291 1097 1486 1158 egitque
1532 1103 1696 1158 grates

33 1157 235 1208 Fonteio
264 1160 512 1224 Agrippae
542 1168 588 1208 et
615 1161 822 1210 Domitio
851 1162 1082 1224 Pollioni,
1115 1163 1244 1226 quod
1282 1163 1531 1212 offerendo
1576 1165 1696 1212 filias

34 1228 94 1278 de
122 1229 284 1277 officio
309 1231 356 1277 in
383 1244 483 1277 rem
510 1230 751 1292 publicam
780 1238 1037 1278 certarent.
1103 1231 1318 1296 praelata
1358 1241 1431 1281 est
1465 1233 1693 1282 Pollionis
1713 1241 1732 1273 ⁵

34 1296 156 1359 lilia,
186 1313 280 1347 non
307 1298 368 1346 ob
395 1298 523 1346 aliud
549 1314 690 1363 quam
716 1299 844 1363 quod
870 1308 1020 1347 mater
1047 1301 1149 1348 eius
1177 1302 1223 1348 in
1260 1301 1433 1349 eodem
1471 1303 1695 1366 coniugio

33 1367 279 1422 manebat:
309 1382 414 1415 nam
444 1367 663 1431 Agrippa
691 1369 894 1416 discidio
922 1369 1108 1416 domurn
1129 1370 1442 1418 imminuerat.
1500 1378 1547 1418 et
1575 1369 1693 1418 Cae-

31 1450 112 1483 sar
142 1437 357 1499 quamvis
383 1436 704 1499 posthabitam
731 1438 928 1486 deciens
959 1439 1172 1486 sestertii
1203 1438 1316 1487 dote
1344 1439 1526 1488 solatus
1558 1447 1648 1487 est.

137 1505 218 1554 87.
255 1506 511 1553 Saevitiam
547 1520 762 1555 annonae
801 1507 1046 1555 incusante
1082 1507 1226 1570 plebe
1262 1509 1424 1556 statuit
1458 1509 1694 1556 frumento

34 1574 252 1639 pretium,
282 1574 409 1638 quod
435 1582 623 1638 emptor
649 1575 910 1639 penderet,
947 1575 1184 1638 binosque
1222 1592 1437 1625 nummos
1474 1592 1526 1625 se
1565 1577 1695 1625 addi-

31 1649 184 1691 turum
210 1644 592 1705 negotiatoribus
619 1645 664 1692 in
690 1645 909 1707 singulos
939 1645 1142 1696 modios,
1187 1660 1345 1709 neque
1371 1654 1528 1695 tamen
1554 1646 1616 1694 ob
1639 1660 1696 1694 ea

31 1713 243 1775 parentis
270 1714 454 1775 patriae
481 1712 689 1761 delatum
722 1722 768 1761 et
795 1720 933 1762 antea
959 1714 1245 1762 vocabulum
1272 1716 1530 1778 adsumsit,
1560 1730 1694 1763 acer-

31 1779 189 1844 beque
217 1781 452 1845 increpuit
480 1796 584 1844 eOS,
612 1783 691 1846 qui
718 1783 900 1831 divinas
929 1784 1272 1847 occupationes
1317 1785 1568 1848 ipsumque
1605 1785 1686 1832 do·
1714 1796 1732 1826 5

32 1850 203 1898 minum
229 1850 462 1898 dixerant.
512 1851 636 1899 unde
662 1860 862 1914 angusta
890 1859 938 1900 et
963 1852 1146 1900 lubrica
1173 1853 1327 1900 oratio
1351 1853 1436 1901 sub
1456 1855 1695 1918 principe,

32 1919 110 1982 qui
138 1918 407 1966 libertatem
432 1919 692 1982 metuebat,
723 1920 1041 1968 adulationem
1071 1921 1256 1969 oderat.

131 1986 213 2035 88.
260 1987 471 2050 Reperio
528 1989 654 2052 apud
708 1989 974 2052 scriptores
1026 1997 1374 2054 senatoresque
1435 1993 1697 2041 eorundem

31 2062 298 2120 temporum
325 2056 667 2119 Adgandestrii
697 2059 924 2121 principis
950 2056 1225 2107 Chattorum
1251 2060 1404 2108 lectas
1442 2060 1489 2107 in
1528 2069 1696 2110 senatu

31 2124 214 2188 literas,
243 2125 413 2189 quibus
441 2134 642 2174 mortem
665 2127 861 2175 Arminii
887 2128 1210 2191 promittebat,
1240 2130 1279 2176 si
1306 2130 1567 2191 patrandae
1589 2132 1696 2179 neci

31 2208 265 2248 venenum
297 2195 593 2252 mitteretur;
642 2210 1023 2260 responsumque
1063 2212 1174 2245 esse
1209 2211 1303 2245 non
1342 2197 1510 2247 fraude
1538 2214 1695 2263 neque

33 2260 262 2325 occulus,
301 2264 389 2313 sed
427 2265 582 2328 palam
619 2272 667 2312 et
703 2273 929 2313 armatum
962 2267 1190 2330 populum
1226 2267 1486 2315 Romanum
1525 2269 1691 2317 hostes
1715 2282 1733 2312 5

34 2345 148 2381 suos
176 2333 361 2382 ulcisci.
413 2349 504 2398 qua
529 2335 685 2397 gloria
713 2336 950 2397 aequabat
991 2351 1043 2384 se
1076 2335 1296 2384 Tiberius
1338 2338 1510 2400 priscis
1548 2339 1694 2402 impe-

33 2401 290 2464 ratoribuS,
321 2404 398 2466 qui
424 2418 661 2451 venenum
687 2404 732 2450 in
758 2403 954 2464 Pyrrum
984 2420 1151 2468 regem
1179 2413 1430 2454 vetuerant
1468 2408 1694 2470 prodide-

33 2478 250 2534 rantque.
304 2479 515 2520 ceterum
542 2472 779 2520 Arminius
808 2473 1178 2522 abscedentibus
1205 2474 1432 2524 Romanis
1471 2483 1518 2523 et
1553 2477 1694 2538 pulso

33 2536 328 2588 Maroboduo
361 2556 560 2602 regnum
597 2540 846 2590 adfectans
884 2542 1154 2591 libertatem
1190 2544 1491 2607 popularium
1527 2545 1693 2593 adver-

34 2621 134 2656 sam
158 2608 336 2670 habuit,
364 2611 637 2673 petitusque
660 2611 799 2657 armis
824 2626 925 2659 cum
950 2613 1082 2660 varia
1111 2612 1297 2660 fortuna
1319 2620 1548 2673 certaret,
1581 2614 1692 2661 dolo
1718 2622 1751 2651 Η)

26 2678 408 2742 >propinquorum
448 2678 646 2727 cecidit:
695 2678 927 2727 liberator
974 2681 1097 2728 haud
1146 2681 1287 2728 dubie
1325 2680 1603 2729 Germaniae
1649 2690 1695 2729 et

34 2746 115 2809 qui
142 2761 236 2794 non
261 2745 519 2810 primordia
547 2747 716 2811 populi
742 2746 959 2810 Romani,
989 2749 1109 2795 sicut
1140 2749 1217 2796 alii
1245 2763 1390 2811 reges
1430 2749 1693 2813 ducesque,

32 2814 122 2873 sed
148 2814 528 2865 florentissimum
568 2815 815 2880 imperium
852 2816 1151 2878 lacessierit,
1189 2818 1388 2880 proeliis
1431 2817 1693 2881 ambiguuS,

33 2879 164 2930 bello
189 2897 283 2931 non
307 2886 476 2933 victus.
538 2893 724 2948 septem
761 2891 808 2932 et
843 2886 1034 2947 triginta
1076 2899 1223 2934 annos
1253 2887 1408 2949 vitae,
1445 2887 1695 2936 duodecim
