1982 3216
544 230 997 270 COMMENTARIUS
1035 230 1314 272 CRITICUS.
1616 234 1781 272 XXVII

754 430 967 478 LIBER
1007 430 1103 478 XI.

229 539 286 600 1,
315 547 342 592 6
373 543 531 589 caueri
546 540 596 603 *)
631 536 638 607 Ι
669 547 694 592 7
717 555 1003 602 praenomen
1028 545 1135 588 add.
1164 544 1364 603 Ruperti
1394 539 1400 608 Ι
1433 551 1462 595 8
1491 545 1708 591 contione
1734 545 1781 590 in

28 648 33 655 .
84 612 245 671 populi
273 612 390 657 Hm.-
429 612 691 657 contionem
718 613 906 672 populi,
941 614 1063 671 quod
1093 616 1172 672 qui
1196 616 1506 668 retinuerunt,
1545 614 1683 659 verba
1715 616 1783 660 sic

84 683 408 740 interpunqere
444 683 591 726 coacti
620 686 750 727 sant.-
788 696 876 728 non
907 687 998 727 ext.
1031 683 1292 729 contionem
1319 699 1363 743 p.
1394 684 1607 736 Romani;
1645 684 1781 729 fateri

84 750 375 809 gloriamque
399 756 482 796 etc.
533 751 604 796 De
630 753 783 810 positu
803 754 1157 810 praepositionis
1189 753 1235 797 in
1270 767 1309 798 v.
1337 753 1478 812 Nipp.
1514 754 1579 797 ad
1606 759 1660 811 3,
1684 757 1740 801 72
1771 746 1779 820 Ι

86 824 139 868 12
166 821 342 865 habere
371 855 438 878 .‚.
474 817 621 880 (sict)
1628 876 1631 879 μ

224 886 282 946 2,
315 895 343 939 3
369 890 415 934 in
442 888 566 935 omni
591 889 795 948 flagitio,
823 903 908 935 em.
939 891 981 935 R
1015 885 1023 954 Ι
1055 895 1083 938 4
1108 892 1354 951 Poppaeae
1378 892 1483 938 JG:
1510 905 1664 951 poppe
1692 905 1745 937 ao
1770 886 1788 954 Ι

84 966 139 1008 10
164 959 376 1004 subditos

223 1026 282 1085 3,
322 1035 344 1076 1
372 1030 664 1074 consultante
684 1030 744 1074 al.
765 1022 845 1087 **)
881 1022 887 1092 Ι
921 1035 948 1078 3
972 1031 1159 1089 percuri
1193 1024 1201 1093 Ι
1234 1037 1288 1078 15
1320 1031 1572 1076 nouissime

224 1096 284 1155 4,
324 1104 347 1145 1
376 1098 573 1144 addere:
606 1112 749 1157 agere
774 1097 831 1142 M
858 1097 865 1157 Ι
899 1105 926 1148 3
955 1105 1001 1144 at
1026 1100 1230 1145 Acidalio
1261 1105 1342 1145 aut
1365 1101 1601 1145 delendum
1632 1106 1712 1145 aut
1735 1101 1783 1144 in

84 1172 131 1212 et
159 1167 422 1212 mutandum
449 1168 682 1213 videbatur
693 1187 707 1219 ;
740 1174 1093 1226 cognomentum
1121 1175 1244 1214 erat:
1275 1184 1415 1215 eausa
1440 1171 1554 1215 coni.
1583 1170 1631 1214 Ε
1658 1164 1667 1233 Ι
1701 1183 1781 1214 ne-

83 1236 222 1282 steris
257 1231 263 1296 Ι
286 1241 322 1285 Υ’7
348 1237 664 1296 praedixisset
689 1237 733 1282 R
776 1231 784 1300 Ι
827 1243 881 1285 12
907 1236 1087 1284 uitelli&
1119 1233 1127 1302 Ι
1172 1243 1227 1286 14
1251 1253 1405 1299 poppe
1433 1251 1570 1285 assen
1599 1237 1671 1300 (in
1697 1252 1782 1284 ex-

82 1311 224 1351 tremo
250 1302 415 1366 versu)
447 1307 722 1364 essentiam,
747 1320 829 1352 em.
857 1306 932 1353 Pu

223 1373 252 1420 5
269 1409 283 1433 ,
318 1381 345 1424 5
372 1376 598 1422 Sammius
627 1375 663 1422 0
686 1377 881 1421 malebat
911 1370 918 1441 Ι
950 1383 979 1427 8
1006 1383 1051 1422 et
1077 1392 1163 1422 om.

225 1442 285 1502 6,
326 1451 348 1492 1
385 1445 444 1492 iis
482 1447 568 1490 al„-
608 1446 648 1491 si
683 1446 757 1492 his
802 1441 809 1510 Ι
852 1448 1240 1507 4pulcherrima‚
1276 1459 1362 1492 em.
1389 1447 1438 1492 N
1480 1441 1488 1510 Ι
1538 1451 1564 1496 7
1590 1447 1782 1504 negotia

85 1516 193 1560 fiant
232 1515 326 1559 Bz:
369 1515 612 1573 negotiant
655 1513 872 1577 (negotia
911 1522 1016 1562 eant
1053 1517 1114 1569 G,
1163 1531 1270 1574 neg.
1309 1521 1503 1575 aga-ntur
1543 1511 1619 1576 H)
1670 1509 1678 1579 Ι
1730 1522 1784 1563 10

82 1584 234 1629 Asinii
271 1583 377 1630 Wr:
406 1584 503 1642 gali
531 1582 619 1645 (ex
647 1582 757 1644 Gai)
789 1586 940 1631 asinii.
991 1586 1093 1631 Nisi
1115 1587 1355 1630 admiseris
1389 1585 1615 1631 Waltlzeri
1636 1597 1783 1629 emen-

84 1653 328 1711 dationem,
353 1654 640 1699 scribendum
667 1656 774 1699 erit:
803 1653 883 1700 Gai
909 1655 1062 1700 Asinii
1092 1661 1137 1700 et
1162 1656 1219 1700 M.
1247 1656 1495 1701 Messallae
1529 1649 1535 1718 Ι
1572 1661 1629 1719 ll·
1644 1668 1783 1714 prae-

86 1728 245 1770 nectos
260 1738 345 1782 pr.
370 1738 430 1768 m.
949 1774 954 1779 ¹

225 1790 284 1850 7,
321 1797 346 1840 1
375 1793 439 1839 ita
468 1807 612 1851 agere
649 1793 730 1838 W:
768 1798 927 1840 tacere
953 1790 1123 1854 (agere
1149 1796 1234 1852 aL,
1273 1795 1336 1840 ita
1369 1795 1470 1839 fere
1503 1790 1579 1854 H)
1623 1787 1632 1855 Ι
1675 1798 1703 1841 3
1737 1796 1784 1837 et

85 1862 178 1906 reis
202 1862 345 1907 Jacob
378 1856 385 1926 Ι
417 1877 700 1921 praeparare
727 1861 910 1925 (parari
935 1863 1010 1908 He
1041 1868 1182 1919 recte,
1215 1869 1265 1909 ut
1291 1860 1491 1923 videtur)
1527 1859 1533 1926 Ι
1567 1869 1593 1911 5
1619 1875 1670 1907 se
1695 1875 1782 1907 om.

84 1929 138 1974 H
163 1924 170 1992 Ι
206 1935 259 1978 12
289 1931 366 1989 qui
391 1931 545 1990 quieta
570 1931 687 1976 Hm.-
712 1933 788 1990 qui
821 1937 867 1978 et
898 1947 922 1978 a
946 1930 1215 1994 (senatores
1247 1933 1401 1991 quieta
1425 1967 1435 1977 .
1461 1968 1471 1978 .
1491 1938 1654 1992 petere
1675 1930 1739 1992 P)
1769 1926 1777 1988 Ι

90 2003 141 2046 14
167 2013 283 2057 quae
311 2000 371 2046 G.-
395 2015 482 2059 qua
517 1993 524 2065 Ι
558 2005 611 2049 16
637 2001 798 2047 statuit
822 2002 928 2046 add.
960 2001 1023 2059 Ο,
1050 2002 1205 2061 posuit
1230 2002 1336 2046 add.
1365 2004 1425 2047 al.
1460 1996 1467 2067 Ι
1502 2006 1555 2050 17
1584 1994 1698 2059 qua}

225 2065 287 2127 8,
324 2075 351 2117 2
384 2070 606 2129 iussuque
643 2071 747 2115 add.
788 2070 987 2129 Urlichs,
1031 2071 1160 2116 iussu
1200 2072 1273 2116 Bz
1313 2066 1320 2134 Ι
1364 2071 1446 2117 Gai
1475 2071 1582 2115 add.
1616 2070 1669 2114 H
1706 2064 1713 2133 Ι
1755 2074 1782 2119 6

90 2137 309 2185 Gotarzes
346 2139 465 2184 inter
500 2139 567 2184 D:
606 2139 727 2185 inter
754 2142 1005 2198 gotharzes
1047 2136 1195 2200 (inter
1236 2140 1448 2186 Gotarzis
1485 2141 1572 2192 aL,
1617 2139 1780 2184 haberi

89 2204 229 2268 [nam]
259 2208 379 2254 inter
405 2208 615 2254 Gotarzis
641 2207 740 2270 He)
775 2204 783 2274 Ι
818 2211 894 2269 qui
919 2211 1021 2255 incl.
1050 2209 1143 2254 Hm
1174 2204 1182 2274 Ι
1215 2214 1239 2258 7
1271 2210 1661 2269 praeparaberat‚
1697 2220 1780 2253 em.

87 2275 178 2320 Hm
188 2295 205 2328 ,·
231 2284 570 2337 properaverat
592 2277 648 2322 M
686 2271 693 2343 Ι
740 2279 843 2324 eius
871 2280 911 2324 A
940 2280 1043 2325 incl.
1089 2274 1097 2343 Ι
1139 2285 1166 2328 9
1193 2279 1346 2325 triduo
1373 2279 1464 2324 duo
1495 2278 1620 2324 milia
1646 2276 1783 2323 Kritz

85 2345 259 2404 allyem.
290 2347 476 2393 Schulz.
508 2351 632 2393 1830
663 2362 785 2394 num.
816 2352 874 2394 17
914 2344 922 2413 Ι
964 2349 1119 2395 evadit
1143 2349 1214 2404 H,
1252 2349 1467 2408 pervadit
1499 2348 1783 2393 verisimilius

86 2414 161 2460 He
188 2421 231 2461 et
264 2417 424 2462 Wurm
456 2419 501 2461 in
528 2417 645 2461 Phil.
673 2418 762 2475 IX,
791 2423 847 2466 92
891 2413 897 2483 Ι
942 2424 995 2466 12
1022 2419 1092 2463 sui
1125 2429 1333 2476 quoque:
1377 2431 1558 2476 quoque
1586 2416 1658 2462 sui
1693 2415 1781 2461 Ur-

87 2483 220 2541 lichs,
248 2486 412 2544 suique
453 2486 612 2531 Wurm
642 2488 669 2530 l.
697 2500 738 2534 c,
773 2481 781 2551 Ι
816 2494 868 2536 15
894 2489 1112 2533 deharum

202 2644 246 2700 *)
283 2650 504 2691 Lectiones
542 2651 735 2692 diversae
772 2654 853 2692 iam
890 2658 985 2692 sunt
1023 2652 1210 2693 Medicei
1250 2652 1423 2690 alterius
1457 2653 1562 2701 plut.
1610 2650 1690 2696 68,
1737 2652 1778 2696 2,

89 2706 159 2756 qui
183 2705 304 2746 habet
326 2709 588 2758 posteriores
617 2710 824 2748 annalium
854 2715 892 2748 et
914 2707 1182 2750 historiarum
1210 2707 1354 2748 libro-9.
1408 2706 1656 2754 Lectiones,
1690 2708 1780 2758 qui-

89 2759 163 2801 bus
202 2768 349 2803 auctor
391 2764 683 2805 emendationis
722 2777 803 2806 non
840 2765 1080 2817 adscriptus
1110 2770 1194 2810 est,
1232 2765 1275 2804 in
1313 2764 1453 2815 aliquo
1493 2763 1676 2802 codicum
1708 2763 1782 2802 de-

88 2818 283 2858 ter-iorum
312 2825 382 2859 aut
410 2822 452 2860 in
474 2821 538 2860 ed.
561 2822 755 2872 principe
784 2827 1000 2861 correctae
1029 2826 1136 2861 sunt.
1508 2836 1512 2841 ¹

204 2871 277 2926 **)
309 2876 381 2916 Sic
409 2878 690 2928 siqnificamus
721 2879 763 2917 in
792 2877 856 2917 his
885 2877 1003 2918 libris
1030 2878 1228 2918 lectiones
1255 2875 1560 2923 memorabiles,
1603 2888 1709 2928 qaae
1737 2876 1779 2915 in

88 2930 226 2983 aliquo
257 2932 380 2973 codd.
412 2933 663 2974 deteriorum
692 2935 967 2974 inveniuntur.
