1976 3224
227 212 260 259 ‘7
266 213 297 260 4
679 220 868 260 CORNE
878 221 958 259 LII
986 220 1183 259 TACITI
1205 220 1514 259 ANNALIUM

230 348 555 408 conscientia,
594 354 668 395 est
695 345 920 396 Caesaris
958 347 1123 409 favor,
1163 346 1248 395 sed
1283 347 1330 394 in
1368 346 1588 402 occulto;
1627 353 1676 394 et
1710 346 1899 410 perisse

230 416 565 466 Germanicum
591 415 706 464 nulli
730 417 984 465 iactantius
1011 424 1226 465 maerent
1265 430 1404 479 quam
1441 416 1520 479 qui
1560 415 1761 464 maxime
1799 414 1898 463 lae·

418 490 435 514 2

230 493 415 604 tantgg.
453 554 588 603 Haud
618 568 790 617 magna
815 555 943 603 mole
970 554 1100 615 Piso,
1131 560 1382 617 promptus
1406 552 1682 614 ferocibus,
1718 553 1766 599 in
1791 566 1898 600 sen-

229 624 649 673 tentiamtrahitur
671 624 925 687 missisque
951 623 1011 672 ad
1037 621 1278 671 Tiberium
1314 622 1534 686 epistulis
1570 623 1756 670 incusat
1783 620 1898 670 Ger-

230 695 464 742 manicum
490 693 630 741 luxus
660 701 707 741 et
734 692 1018 756 superbiae;
1047 707 1200 755 seque
1228 692 1446 755 pulsum,
1490 698 1540 739 ut
1577 691 1714 740 locus
1754 690 1899 738 rebus
1970 719 1974 727 .

228 764 369 810 novis
396 762 670 827 patefieret,
702 777 862 810 curam
888 763 1132 810 exercitus
1159 762 1328 811 eadem
1354 761 1446 810 fide
1478 775 1571 824 qua
1597 761 1804 808 tenuerit
1823 773 1899 807 re-

187 848 208 880 5
230 832 480 897 petivisse.
542 831 679 879 simul
719 830 975 880 Domitium
1011 832 1268 894 inpositum
1303 831 1484 878 triremi
1521 831 1674 878 vitare
1710 829 1901 877 litorum

229 915 362 950 oram
388 908 682 966 praeterque
715 900 895 949 insulas
932 901 1030 950 lato
1056 902 1174 948 mari
1211 915 1421 964 pergere
1457 900 1504 947 in
1531 899 1715 948 Suriam
1750 897 1898 946 iubet.

228 977 576 1019 concurrentes
603 971 880 1019 desertores
909 985 1000 1034 per
1024 970 1291 1034 manipulos
1320 969 1574 1033 conponit,
1603 974 1754 1016 armat
1778 967 1901 1016 lixas

227 1041 541 1103 traiectisque
579 1040 626 1087 in
653 1040 974 1088 continentem
999 1039 1201 1087 navibus
1235 1038 1465 1087 vexillum
1498 1038 1703 1086 tironum
1739 1038 1785 1084 in
1813 1037 1899 1085 Su·

226 1111 344 1157 riam
373 1109 579 1157 euntium
611 1109 892 1172 intercipit,
911 1109 1096 1172 regulis
1127 1105 1328 1156 Cilicum
1363 1115 1414 1155 ut
1451 1122 1505 1155 se
1546 1106 1733 1155 auxiliis
1771 1107 1899 1154 iuva-

172 1196 213 1230 10
228 1185 334 1227 rent
369 1178 564 1240 scribit,
601 1178 725 1226 haud
760 1178 935 1241 ignavo
963 1177 1022 1226 ad
1046 1177 1308 1227 ministeria
1341 1176 1460 1225 belli
1495 1177 1668 1224 iuvene
1707 1175 1899 1237 Pisone,

228 1262 513 1311 quamquam
535 1247 891 1311 suscipiendum
911 1247 1092 1296 bellum
1118 1246 1382 1295 abnuisset.

332 1317 414 1365 79.
453 1316 602 1379 Igitur
630 1331 761 1365 oram
785 1316 963 1378 Lyciae
995 1332 1053 1365 ac
1073 1316 1384 1379 Pamphyliae
1413 1314 1787 1379 praelegenteS,
1816 1311 1899 1362 ob·

227 1386 316 1434 viis
353 1386 555 1434 navibus
593 1401 716 1449 quae
765 1386 1079 1450 Agrippinam
1121 1385 1390 1445 vehebant,
1446 1384 1683 1448 utrimque
1727 1383 1901 1432 infensi

226 1469 355 1504 arma
381 1456 533 1518 primo
561 1455 854 1519 expediere:
896 1455 1006 1503 d'ein
1043 1463 1202 1503 mutua
1238 1454 1491 1502 formidine
1530 1467 1624 1502 non
1660 1452 1782 1501 ultra
1807 1453 1899 1500 iur-

226 1525 354 1587 gium
381 1539 669 1588 processum
699 1531 797 1586 est,
835 1523 1121 1588 Marsusque
1150 1523 1320 1571 Vibius
1359 1523 1588 1571 nuntiavit
1617 1521 1776 1570 Pisoni
1802 1521 1897 1570 Ro-

182 1608 204 1640 5
224 1608 346 1642 mam
371 1594 431 1642 ad
459 1593 708 1644 dicendam
735 1608 926 1642 causam
953 1595 1154 1643 veniret.
1208 1593 1291 1641 ille
1320 1593 1523 1641 eludens
1548 1591 1798 1655 respondit
1818 1590 1896 1639 ad-

224 1663 456 1724 futurum,
488 1663 565 1710 ubi
591 1671 813 1727 praetor,
844 1664 923 1726 qui
954 1663 1014 1711 de
1041 1662 1289 1711 veneficiis
1316 1668 1603 1726 quaereret,
1641 1675 1727 1708 reo
1755 1668 1899 1724 atque

225 1731 590 1780 accusatoribus
623 1733 746 1780 diem
782 1732 1094 1795 prodixisset.
1144 1732 1331 1779 interim
1362 1730 1598 1779 Domitius
1627 1728 1900 1778 Laodiciam

223 1799 394 1848 urbem
422 1801 590 1848 Suriae
624 1801 873 1864 adpulsuS,
902 1815 1006 1849 cum
1028 1800 1232 1849 hiberna
1265 1807 1434 1848 sextae
1460 1799 1666 1862 legionis
1688 1805 1897 1862 peteret,

226 1870 351 1933 quod
386 1884 490 1918 eam
518 1871 722 1918 maxime
747 1871 886 1918 novis
913 1870 1127 1918 consiliis
1155 1869 1375 1918 idoneam
1396 1869 1610 1928 rebatur,
1638 1881 1664 1915 a
1689 1867 1896 1916 Pacuvio

170 1955 210 1989 ιο
226 1938 391 2001 legato
420 1940 743 2002 praevenitur.
801 1939 848 1988 id
875 1940 1067 1988 Sentius
1094 1939 1254 1987 Pisoni
1282 1953 1371 2003 per
1409 1933 1763 2000 literas‘aperit
1799 1950 1897 1984 mo·

224 2015 404 2071 netque
434 2023 492 2056 ne
527 2016 684 2057 castra
712 2009 1095 2072 corruptoribus,
1119 2023 1179 2056 ne
1202 2007 1501 2072 provinciam
1524 2005 1657 2054 bello
1680 2012 1896 2069 temptet.

226 2090 447 2140 quosque
476 2076 743 2126 Germanici
774 2092 1017 2126 memores
1043 2085 1121 2127 aut
1145 2078 1347 2126 inimicis
1375 2077 1478 2124 eius
1510 2075 1746 2124 adversos
1783 2088 1896 2137 cog-

222 2153 452 2207 noverat,
495 2147 758 2207 contrahit,
797 2147 1170 2209 magnitudinem
1207 2146 1510 2210 imperatoris
1547 2144 1803 2192 identidem
1830 2145 1895 2191 in-

222 2229 402 2276 gerens
431 2222 478 2263 et
497 2230 598 2263 rem
624 2215 862 2279 publicam
891 2217 1033 2263 armis
1066 2216 1193 2280 peti;
1224 2215 1447 2277 ducitque
1475 2212 1682 2262 validam
1712 2227 1895 2261 manum

169 2294 206 2327 15
226 2290 273 2330 et
301 2284 490 2346 proelio
507 2292 748 2347 paratam.

327 2351 409 2401 80.
449 2351 554 2400 Nec
582 2353 720 2413 Piso,
754 2367 1036 2416 quamquam
1067 2360 1243 2416 coepta
1273 2367 1416 2400 secus
1444 2351 1705 2412 cadebant,
1736 2351 1894 2398 omisit

221 2421 453 2469 tutissima
481 2436 507 2468 e
535 2421 890 2484 praesentibus,
920 2422 1006 2470 sed
1036 2421 1289 2469 castellum
1316 2419 1516 2468 Ciliciae
1549 2421 1770 2467 munitum
1814 2420 1893 2468 ad·

220 2489 428 2551 modum,
459 2491 533 2537 cui
563 2503 735 2538 nomen
762 2488 1033 2552 CelendrIS,
1063 2498 1296 2553 occupat;
1335 2504 1440 2537 nam
1480 2489 1700 2537 admixtis
1725 2488 1892 2537 deser-

220 2558 405 2606 toribus
438 2566 485 2606 et
510 2560 663 2606 tirone
691 2574 845 2623 nuper
870 2559 1142 2622 intercepto
1181 2560 1377 2622 suisque
1417 2567 1464 2607 et
1499 2558 1753 2607 Plancinae
1791 2573 1892 2605 ser·

180 2641 199 2672 5
224 2629 348 2674 vitiis
376 2627 549 2675 auxilia
579 2626 797 2690 Cilicum,
828 2643 950 2691 quae
979 2629 1138 2690 reguli
1166 2630 1419 2689 miserant,
1460 2629 1505 2675 in
1542 2642 1785 2674 numerum
1824 2627 1891 2674 le-

222 2697 378 2758 gionis
408 2705 762 2759 composuerat.
818 2697 1143 2760 Caesarisque
1171 2712 1224 2744 se
1250 2697 1459 2759 legatum
1486 2695 1753 2743 testabatur
1778 2709 1889 2759 pro-

218 2766 403 2825 vincia,
450 2781 587 2828 quam
633 2767 673 2813 is
715 2766 959 2828 dedisset,
1005 2767 1160 2814 arceri
1196 2781 1290 2813 non
1332 2781 1357 2813 a
1394 2765 1665 2827 legionibus
1703 2765 1892 2827 (earum

220 2834 399 2895 quippe
436 2836 591 2899 accitu
628 2836 847 2899 venire),
886 2835 973 2883 sed
1014 2850 1039 2883 a
1079 2836 1243 2883 Sentio
1285 2835 1516 2897 privatum
1555 2834 1713 2881 odium
1755 2833 1892 2882 falsis

220 2902 490 2949 criminibus
516 2909 731 2964 tegente.
784 2905 1106 2951 consisterent
1131 2905 1176 2951 in
1204 2904 1334 2964 acie,
1363 2916 1456 2949 non
1493 2903 1772 2964 pugnaturis
1806 2902 1890 2950 mi-
