1976 3224
585 203 759 240 LIBER
777 204 854 240 lv.
878 203 999 240 cAP.
1021 199 1220 244 36—40.
1639 192 1731 242 131

74 347 159 382 ves
187 338 236 380 et
261 330 380 380 deos
406 332 541 396 ipsos
568 346 772 396 precor,
814 331 904 380 hos
943 339 992 379 ut
1027 332 1135 378 mihi
1174 331 1232 378 ad
1259 331 1400 378 finem
1429 345 1579 394 usque
1609 332 1733 380 vitae
1754 349 1795 383 10

22 2842 27 2920 ε

24 2922 29 3023 ἰ

26 3029 31 3104 ι

28 3111 34 3222 ἱ

73 402 277 466 quietam
299 408 348 449 et
366 401 726 464 intellegentem
745 402 932 449 humani
954 401 1195 464 divinique
1218 400 1333 448 iuris
1358 407 1563 448 mentem
1589 400 1736 464 duint,

72 470 185 520 illos
213 477 278 533 ut,
307 470 593 535 quandoque
622 479 941 533 concessero,
971 485 1074 519 cum
1099 470 1240 518 laude
1269 477 1317 518 et
1343 469 1481 519 bonis
1506 465 1736 519 recorda-

71 539 279 589 tionibus
303 540 430 589 facta
458 548 602 604 atque
626 540 796 588 famam
813 535 1024 589 'nominis
1059 541 1153 588 mei
1188 543 1580 604 prosequantur.'
1627 555 1735 605 per-

72 610 288 673 stititque
326 609 530 674 posthac
560 611 760 658 secretis
798 612 938 659 etiam
977 609 1279 658 sermonibus
1315 611 1565 673 aspernari
1594 611 1737 659 talem

72 681 141 728 sui
170 678 357 727 cultum.
406 679 536 743 quod
560 680 639 728 alii
665 679 972 743 modestiam,
1016 680 1174 742 multi,
1203 681 1311 744 quia
1340 678 1603 742 diffideret,
1633 681 1731 744 qui·
1753 696 1794 729 15

72 749 175 798 dam
215 755 262 796 ut
303 747 562 811 degeneris
598 750 738 798 animi
781 749 1233 814 interpretabantur.
1287 756 1510 814 optumos
1555 751 1738 815 quippe

69 817 338 867 mortalium
379 818 606 868 altissima
643 833 847 883 cupere:
885 821 955 867 sic
980 819 1239 867 Herculem
1270 826 1317 867 et
1348 818 1572 867 Liberum
1611 818 1739 884 apud

70 887 310 950 GraecOS,
341 887 584 948 Quirinum
618 888 744 953 apud
779 903 867 937 nos
909 889 1047 937 deum
1083 903 1280 937 numero
1314 887 1500 938 additos
1515 908 1532 937 :¹>
1567 889 1736 937 melius

70 957 348 1019 Augustum,
379 958 457 1022 qui
479 959 762 1023 speraverit.
808 965 972 1007 cetera
1011 958 1310 1023 principibus
1348 960 1505 1007 statim
1536 958 1734 1007 adesse:

70 1041 207 1075 unum
236 1027 567 1076 insatiabiliter
599 1027 874 1092 parandum,
900 1043 1187 1093 prosperam
1208 1028 1280 1076 sui
1301 1028 1599 1085 memoriam;
1626 1043 1733 1077 nam
1750 1042 1794 1075 20

71 1104 345 1160 contemptu
371 1096 526 1146 famae
553 1099 791 1146 contemni
819 1100 1038 1147 virtutes,

163 1166 246 1216 39.
279 1165 344 1213 At
370 1166 579 1216 'Seianus
606 1168 746 1215 nimia
777 1167 968 1216 fortuna
997 1182 1170 1216 socors
1207 1175 1255 1216 et
1279 1167 1497 1216 muliebri
1536 1168 1736 1232 insuper

0 1271 1 1274 ,
70 1235 291 1300 cupidine
326 1235 576 1299 iucensuS,
614 1238 899 1300 promissum
935 1238 1278 1286 matrimonium
1306 1237 1552 1300 flagitante
1583 1237 1732 1301 Livia,

70 1305 311 1368 componit
348 1305 406 1354 ad
446 1305 705 1355 Caesarem
749 1307 1027 1356 codicillos:
1083 1308 1230 1356 moris
1273 1307 1453 1371 quippe
1491 1314 1584 1355 tum
1631 1314 1735 1355 erat

71 1387 350 1439 quamquam
379 1383 681 1439 praesentem
718 1379 900 1441 scripto
940 1378 1089 1426 adire.
1149 1378 1250 1425 eius
1289 1377 1399 1425 talis
1431 1377 1583 1425 forma
1620 1377 1731 1439 fuit:

67 1443 401 1494 benevolentia
429 1446 587 1510 patris
620 1446 825 1509 Augusti
863 1454 910 1495 et
942 1461 1053 1495 mox
1093 1447 1307 1512 plurimis
1334 1445 1513 1494 Tiberii
1549 1445 1776 1494 iudiciiss

66 1515 130 1562 ita
155 1513 450 1578 insuevisse,
488 1522 538 1562 ut
574 1531 689 1581 spes
715 1524 925 1581 votaque
954 1532 1038 1565 sua
1068 1532 1163 1565 non
1193 1519 1325 1582 prius
1360 1515 1418 1564 ad
1450 1515 1569 1564 deos
1598 1530 1738 1580 quam

66 1583 124 1632 ad
152 1583 418 1648 principum
439 1598 581 1634 aures
609 1586 874 1635 conferret.
924 1602 1081 1650 neque
1108 1587 1350 1649 fulgorem
1376 1585 1613 1634 honorum
1639 1601 1734 1633 um-

66 1666 206 1717 quam
244 1660 516 1717 precatum:
555 1655 786 1704 excubias
824 1671 882 1705 ac
920 1656 1142 1719 laboreS,
1181 1663 1232 1704 ut
1260 1670 1400 1704 unum
1435 1671 1462 1703 e
1488 1654 1733 1717 militibus,

0 1742 2 1787 ξ
67 1735 156 1788 pro
187 1721 515 1773 incolumitate
542 1726 846 1791 imperatoris
880 1726 1040 1775 malle.
1092 1740 1149 1775 ac
1169 1733 1326 1774 tamen
1355 1724 1483 1789 quod
1509 1724 1732 1790 pulcher-

0 1839 3 1866 }
65 1793 229 1840 rimum
254 1792 500 1857 adeptum,
527 1802 578 1844 ut
605 1795 942 1845 coniunctione
972 1793 1196 1845 Caesaris
1225 1795 1396 1859 dignus
1424 1795 1729 1844 crederetur:
1751 1811 1792 1845 10

65 1860 175 1908 hinc
210 1861 388 1910 initium
414 1864 536 1927 spei.
588 1872 635 1912 et
674 1867 896 1928 quoniam
925 1865 1159 1914 audiverit
1186 1865 1453 1928 Augustum
1490 1866 1538 1913 in
1567 1864 1734 1913 conlo-

0 1927 2 1938 *
71 1929 221 1978 canda
262 1930 356 1979 filia
390 1946 486 1980 non
515 1933 630 1981 nihil
670 1935 811 1982 etiam
847 1935 907 1983 de
956 1934 1195 1997 equitibus
1227 1935 1455 1985 Romanis
1495 1933 1733 1983 consulta-

0 2000 2 2059 j
67 2001 230 2061 visse,
261 2001 352 2062 ita,
400 2001 438 2048 si
463 2003 655 2050 maritus
678 2001 840 2051 Liviae
879 2011 1222 2068 quaereretur,
1255 2003 1458 2052 haberet
1491 2005 1538 2051 in
1580 2005 1733 2052 animo

66 2070 264 2118 amicum
300 2069 406 2120 sola
434 2071 799 2120 necessitudinis
826 2073 984 2137 gloria
1012 2087 1218 2121 usurum.
1259 2087 1355 2121 non
1394 2075 1515 2120 enim
1554 2086 1736 2120 exuere

65 2139 272 2202 inposita
296 2141 474 2189 munia:
514 2142 630 2190 satis
657 2143 909 2191 aestimare
940 2143 1115 2191 firmari
1142 2142 1328 2191 domum
1367 2142 1622 2191 adversum
1646 2142 1792 2194 ini-15

68 2222 188 2271 quas
224 2208 526 2274 Agrippinae
564 2211 881 2275 offensioneS,
927 2211 1068 2277 idque
1106 2212 1369 2261 liberorum
1409 2227 1580 2268 causa;
1629 2225 1736 2259 nam

67 2276 157 2325 sibi
180 2278 371 2326 multum
397 2294 639 2344 superque
668 2282 793 2330 vitae
820 2282 953 2344 fore,
992 2280 1119 2346 quod
1155 2281 1237 2330 tali
1276 2295 1379 2330 cum
1406 2281 1625 2346 principe
1652 2296 1733 2329 ex-

67 2346 317 2411 plevisset.
1618 2390 1619 2393 ,

164 2418 249 2467 40.
284 2416 360 2466 Ad
386 2433 443 2468 ea
469 2419 688 2468 Tiberius
715 2419 902 2470 laudata
931 2422 1112 2485 pietate
1138 2422 1297 2470 Seiani
1329 2423 1525 2485 suisque
1550 2422 1597 2469 in
1629 2435 1735 2469 eum

67 2484 523 2536 beneficiis'modice
546 2491 806 2554 percursis,
829 2505 933 2539 cum
954 2498 1141 2555 tempus
1160 2499 1395 2555 tamquam
1416 2490 1475 2538 ad
1496 2491 1734 2552 integram

19 2601 22 2605 ⁴
70 2555 465 2606 consultationem
491 2560 772 2622 petivisset,
800 2559 1035 2608 adiunxit:
1073 2562 1250 2608 ceteris
1279 2558 1560 2608 mortalibus
1591 2560 1638 2606 in
1674 2571 1734 2606 eo

68 2630 194 2673 stare
226 2626 450 2689 consilia,
481 2627 590 2691 quid
629 2627 719 2675 sibi
749 2628 1021 2678 conducere
1048 2636 1236 2693 putent;
1283 2629 1550 2693 principum
1580 2627 1734 2676 diver-

69 2707 168 2742 sam
203 2709 314 2744 esse
353 2704 558 2759 sortem,
600 2697 771 2762 quibus
808 2700 1070 2763 praecipua
1104 2713 1261 2746 rerum
1303 2697 1361 2746 ad
1400 2697 1570 2746 famam
1611 2696 1776 2746 deri-5

70 2762 239 2825 genda.
278 2764 388 2814 ideo
411 2781 464 2814 se
493 2781 587 2815 non
610 2767 724 2815 illuc
747 2767 1007 2816 decurrere
1030 2766 1157 2831 quod
1180 2774 1450 2831 promptum
1473 2767 1733 2830 rescriptu,

72 2843 220 2894 posse
255 2835 407 2898 ipsam
431 2835 608 2885 Liviam
647 2843 882 2899 statuere,
919 2835 1187 2885 nubendum
1224 2843 1334 2900 post
1357 2835 1560 2884 Drusum
1593 2851 1652 2885 an
1687 2836 1735 2883 in

73 2900 320 2963 penatibus
367 2904 516 2953 isdem
565 2905 863 2954 tolerandum
907 2905 1135 2962 haberet;
1181 2920 1291 2954 esse
1331 2905 1399 2953 illi
1450 2912 1649 3023 igqtrem
1687 2910 1735 2952 et
