2008 3230
676 190 851 229 LIBER
868 190 905 228 1.
935 183 1282 234 cAP.36—41‘..
1398 159 1400 161 ⁵
1455 191 1467 197 ·’
1751 184 1814 234 21

144 315 261 365 dere
287 317 518 366 vexillum
554 319 736 367 intento
772 320 940 368 mortis
974 325 1103 367 metu
1141 319 1382 383 subigunt.
1444 335 1557 369 mox
1593 323 1705 385 vagi
1730 338 1820 387 per

142 387 244 434 vias
267 385 439 435 obvios
463 387 679 436 habuere
700 388 909 451 legatos,
939 389 1096 438 audita
1124 391 1513 439 consternatione
1539 391 1598 441 ad
1624 391 1817 442 Germa.-

140 455 298 504 nicum
343 456 616 507 tendentes.
698 458 920 522 ingerunt
972 459 1316 524 contumeliaS,
1374 461 1572 510 eaedem
1629 470 1815 526 parant,
1847 510 1849 512 .

139 524 320 574 Planco
347 528 571 589 maxime,
601 542 742 591 quem
767 528 974 591 dignitas
1000 528 1116 592 fuga
1135 529 1479 593 impediverat;
1509 546 1668 595 neque
1690 532 1818 580 aliud

141 595 431 659 periclitanti
477 596 739 646 subsidium
785 612 926 663 quam
974 605 1132 646 castra
1178 599 1360 663 primae
1408 600 1633 667 legionis.
1713 601 1813 650 illic
1833 618 1875 651 1⁵

140 665 278 728 signa
312 672 360 713 et
395 666 602 730 aquilam
644 667 898 731 amplexus
940 668 1180 731 religione
1218 683 1331 716 sese
1366 670 1635 734 tutabatur,
1673 686 1730 720 ac
1769 672 1816 718 ni

139 733 693 800 aquilifer-Calpurnius
730 738 826 785 vim
867 744 1129 786 extremam
1168 740 1434 800 arcuisset,
1475 755 1634 789 rarum
1675 742 1817 790 etiam

137 805 262 853 inter
287 804 484 866 bosteS,
523 805 715 869 legatus
742 806 911 871 populi
933 806 1135 856 Romani
1158 806 1385 856 Romanis
1415 810 1462 856 in
1502 811 1672 858 castris
1711 826 1814 859 san-

137 874 282 938 guine
310 888 399 922 suo
427 874 596 925 altaria
625 876 766 926 deum
794 877 1263 943 commaculavisset.
1307 878 1416 926 luce
1451 879 1654 942 demum,
1684 889 1815 944 post-

138 958 278 1008 quam
292 944 470 997 -duxet
497 945 636 994 miles
665 953 714 994 et
732 945 859 995 facta
879 945 1224 1009 noscebantur,
1251 947 1503 1010 ingressus
1525 957 1682 998 castra
1700 949 1815 999 Ger·
1833 957 1874 989 2⁰

136 1014 350 1063 manicus
373 1009 576 1079 perduci
602 1015 661 1064 ad
696 1031 748 1063 se
775 1015 1001 1082 Plancum
1025 1017 1230 1081 imperat
1257 1014 1547 1083 recepitque
1586 1022 1632 1067 in
1668 1019 1815 1079 tribu-

137 1083 233 1132 nal.
289 1091 384 1132 tum
410 1084 607 1133 fatalem
633 1086 892 1150 increpans
919 1085 1119 1149 rabiem,
1152 1102 1311 1151 neque
1338 1088 1538 1138 militum
1561 1088 1649 1136 sed
1677 1090 1815 1138 deum

135 1155 206 1202 ira
232 1168 515 1217 resurgere,
547 1170 631 1203 cur
655 1156 877 1204 venerint
903 1155 1052 1218 legati
1083 1158 1266 1221 aperit;
1297 1159 1371 1205 ius
1391 1157 1650 1220 legationis
1672 1166 1816 1223 atque

135 1224 290 1287 ipsius
316 1222 481 1272 Planci
509 1239 707 1287 gravem
736 1232 784 1273 et
810 1226 1077 1273 inmeritum
1106 1240 1285 1289 casum,
1315 1227 1454 1275 simul
1483 1236 1706 1291 quantum
1735 1229 1818 1282 de<

138 1292 330 1341 decoris
357 1293 529 1342 adierit
565 1293 728 1357 legi0,
765 1294 972 1344 facunde
1007 1296 1288 1358 miseratur,
1329 1298 1627 1362 attonitaque
1663 1300 1814 1361 magis
1832 1303 1875 1337 2⁸

139 1377 279 1426 quam
315 1363 476 1427 quieta
513 1365 740 1413 contione
776 1364 969 1427 legatos
1007 1365 1251 1429 praesidio
1279 1366 1577 1415 auxiliarium
1606 1369 1816 1432 equitum

138 1432 340 1481 dimittit.

242 1502 327 1551 40.
367 1499 442 1550 Eo
467 1502 515 1549 in
541 1510 670 1552 metu
702 1518 912 1567 arguere
949 1503 1282 1553 Germanicum
1318 1519 1514 1567 omneS,
1556 1506 1686 1570 quod
1721 1521 1817 1555 non

137 1571 197 1621 ad
227 1572 529 1636 superiorem
568 1574 835 1622 exercitum
861 1581 1121 1638 pergeret,
1165 1574 1246 1622 ubi
1286 1574 1524 1639 obsequia
1563 1583 1611 1624 et
1650 1583 1817 1624 contra

136 1640 339 1690 rebellis
365 1642 616 1692 auxilium:
647 1644 762 1692 satis
790 1652 1038 1708 superque
1063 1644 1295 1692 missione
1324 1653 1372 1693 et
1391 1646 1597 1709 pecunia
1629 1652 1676 1694 et
1696 1646 1815 1693 mol-

137 1710 263 1760 libus
291 1710 523 1759 consultis
551 1719 823 1776 peccatum.
877 1713 960 1761 vel
998 1714 1039 1762 si
1074 1713 1185 1761 vilis
1223 1714 1318 1778 ipsi
1357 1714 1515 1777 saluS,
1554 1730 1641 1763 cur
1672 1715 1817 1764 filium

137 1780 406 1845 parvulum,
436 1796 520 1829 cur
545 1782 792 1844 gravidam
819 1784 1073 1846 coniugem
1100 1783 1223 1831 inter
1248 1783 1466 1832 furentes
1489 1792 1538 1832 et
1559 1786 1710 1833 omnis
1733 1785 1815 1834 hu·
1838 1791 1860 1825 5

137 1851 261 1898 mani
286 1851 402 1898 iuris
431 1850 699 1900 violatores
725 1849 964 1901 haberet?
989 1852 1102 1901 illos
1130 1852 1302 1901 saltem
1329 1868 1420 1903 avo
1463 1861 1512 1902 et
1547 1855 1621 1903 rei
1662 1854 1817 1920 publi-

139 1933 226 1967 cae
262 1919 508 1967 redderet.
572 1921 649 1969 diu
687 1930 936 1971 cunctatus
975 1930 1314 1985 aspernantem
1351 1938 1580 1985 uxorem,
1622 1939 1728 1973 cum
1764 1940 1818 1972 se

138 1988 250 2037 divo
279 1987 500 2051 Augusto
533 1997 684 2038 ortam
712 2005 871 2054 neque
901 1991 1196 2053 degenerem
1218 1993 1276 2041 ad
1299 1994 1516 2057 pericula
1537 2001 1816 2056 testaretur,

138 2065 388 2122 postremo
418 2065 605 2107 uterum
631 2060 734 2108 eius
763 2068 812 2108 et
850 2075 1146 2109 communem
1184 2061 1330 2109 filium
1370 2062 1519 2110 multo
1559 2078 1664 2110 cum
1702 2063 1817 2111 fletu

140 2127 442 2192 complexuS,
470 2135 522 2176 ut
548 2128 704 2177 abiret
731 2131 960 2194 perpulit.
1024 2130 1281 2179 incedebat
1315 2131 1551 2179 muliebre
1587 2139 1636 2180 et
1673 2133 1815 2181 mise·
1834 2141 1876 2175 1⁰

137 2196 291 2246 rabile
319 2212 510 2260 agmen,
539 2198 745 2262 profuga
775 2199 909 2248 ducis
936 2214 1088 2262 uxor,
1127 2201 1379 2264 parvulum
1411 2202 1516 2249 sinu
1555 2201 1701 2250 filium
1731 2217 1816 2266 ge-

137 2281 268 2328 rens,
297 2266 615 2316 lamentantes
643 2269 823 2318 circum
852 2267 1110 2318 amicorum
1134 2269 1388 2334 coniuges,
1420 2285 1542 2335 quae
1565 2271 1703 2320 simul
1722 2278 1816 2320 tra—

137 2336 392 2396 hebantur,
421 2351 513 2385 nec
536 2339 689 2386 minus
714 2340 877 2388 tristes
906 2340 986 2403 qui
1014 2339 1282 2388 manebant.
1672 2367 1674 2369 ·

243 2407 327 2455 41.
363 2405 471 2454 Non
496 2406 713 2456 florentis
745 2406 971 2458 Caesaris
997 2424 1157 2473 neque
1178 2410 1276 2457 suis
1304 2411 1350 2457 in
1374 2412 1562 2473 castris,
1590 2418 1665 2458 set
1684 2410 1818 2458 velut

139 2475 186 2523 in
219 2475 340 2524 urbe
378 2476 506 2524 victa
542 2476 696 2526 facies
732 2479 1036 2541 gemitusque
1070 2493 1127 2526 ac
1171 2479 1395 2543 planctus
1436 2481 1578 2528 etiam
1620 2479 1819 2527 militum

140 2559 283 2594 aures
310 2558 495 2608 oraque
517 2545 800 2596 advertere:
823 2549 1196 2611 progrediuntur
1226 2549 1572 2598 contuberniis.
1608 2549 1712 2612 quis
1734 2548 1817 2597 ille

139 2612 318 2663 flebilis
344 2611 529 2663 sonus?
584 2615 711 2678 quod
743 2623 836 2664 tam
863 2615 1036 2666 triste?
1065 2617 1265 2666 feminas
1291 2619 1519 2667 inlustres
1537 2655 1549 2679 ,
1579 2631 1676 2666 non
1709 2633 1819 2666 cen-

139 2683 375 2748 turionem
400 2683 459 2731 ad
485 2683 706 2746 tutelam,
737 2699 831 2733 non
856 2686 1081 2745 militem,
1117 2687 1233 2734 nihil
1270 2687 1614 2751 imperatoriae
1648 2689 1814 2735 uxoris
1836 2700 1858 2732 5

142 2759 219 2799 aut
244 2754 498 2802 comitatus
526 2753 685 2802 soliti:
728 2769 940 2817 pergere
979 2755 1036 2803 ad
1061 2754 1306 2804 Treveros
1337 2764 1383 2804 et
1412 2763 1643 2805 externae
1683 2757 1811 2806 fidei.

140 2821 296 2884 pudor
322 2821 432 2871 inde
461 2829 510 2871 et
534 2824 776 2871 miseratio
802 2831 849 2871 et
885 2824 1035 2887 patris
1061 2823 1340 2889 Agrippae,
1379 2825 1585 2889 Augusti
1612 2829 1686 2875 avi
1716 2842 1815 2875 me-

140 2891 308 2954 moria,
342 2905 487 2939 socer
515 2891 718 2956 DrusuS,
748 2894 853 2957 ipsa
880 2893 1053 2955 insigni
1084 2892 1408 2958 fecunditate,
1442 2896 1696 2960 praeclara
1731 2912 1817 2961 pu-
