1976 3224
227 163 333 215 200
657 174 934 212 CORNELII
961 175 1156 213 TAOITI
1175 175 1480 232 ANNALmM

334 305 382 352 7.
421 302 560 351 Haud
587 303 787 352 defuere
820 303 900 367 qui
929 305 1173 366 certatim,
1211 304 1251 351 si
1289 311 1594 354 cunctaretur
1622 305 1827 369 Caesar,
1861 311 1908 358 vi

229 381 423 423 acturos
449 374 770 421 testificantes
799 381 1107 438 erumperent
1134 375 1281 422 curia.
1323 373 1644 437 conglobatur
1665 379 1908 442 promisca

225 442 476 492 multitudo
516 442 846 507 populumque
871 444 1137 493 Romanum
1167 443 1334 493 eadem
1361 458 1503 494 orare
1541 445 1764 496 clamitat.
1813 464 1910 498 nec

227 513 456 563 Claudius
480 513 606 561 ultra
638 521 925 579 exspectato
954 513 1126 562 obvius
1154 513 1280 579 apud
1303 514 1461 563 forum
1486 515 1692 579 praehet
1717 533 1771 567 se
1796 533 1906 582 gra-

185 607 204 638 5
228 582 455 646 tantibuS,
479 591 792 648 senatumque
817 581 1069 647 ingressus
1096 584 1341 632 decretum
1369 585 1599 649 postulat,
1628 601 1724 650 quo
1750 589 1906 637 iustae

223 655 350 703 inter
381 660 581 718 patruos
607 654 900 719 fratrumque
926 653 1047 703 filias
1073 655 1268 718 nuptiae
1298 655 1439 719 etiam
1463 656 1510 703 in
1535 664 1786 720 posterum
1809 666 1903 707 sta·

221 731 487 773 tuerentur.
544 739 637 772 nec
663 731 821 773 tamen
846 731 1072 788 repertus
1101 732 1176 773 est
1200 725 1288 772 nisi
1318 740 1438 773 unus
1474 726 1583 774 talis
1617 729 1907 777 matrimonii

223 796 443 858 cupitor,
482 793 706 842 Alledius
743 795 957 843 Severus
995 809 1146 858 eques
1183 795 1456 858 RomanuS,
1494 811 1635 860 quem
1676 798 1902 863 plerique

220 864 526 928 Agrippinae
562 865 715 927 gratia
753 864 991 929 inpulsum
1025 863 1262 913 ferebant.
1321 879 1464 913 versa
1513 881 1577 915 ex
1622 882 1682 916 eo
1733 869 1907 918 civitas

163 951 202 983 10
223 942 271 983 et
301 940 472 982 cuncta
500 934 708 983 feminae
735 933 1079 998 oboediebant,
1107 948 1205 982 non
1234 950 1323 998 per
1350 934 1616 1000 lasciviam,
1643 945 1694 986 ut
1717 938 1901 988 Messa-

218 1005 331 1068 lina,
356 1002 502 1052 rebus
527 1004 759 1053 Romanis
785 1003 1033 1053 inludenti.
1083 1003 1335 1053 adductum
1372 1012 1421 1053 et
1456 1008 1593 1069 quasi
1628 1008 1767 1056 virile
1798 1023 1900 1057 ser-v

217 1075 405 1123 vitium:
443 1073 603 1137 palam
641 1075 879 1136 severitas
913 1090 972 1123 ac
1007 1075 1202 1138 saepius
1238 1074 1489 1139 superbia;
1528 1077 1644 1126 nihil
1675 1078 1804 1127 domi
1831 1081 1900 1127 in·
1950 1095 1954 1098 ·

217 1144 469 1209 pudicum,
509 1145 599 1192 nisi
637 1144 949 1194 dominationi
993 1143 1263 1208 expediret.
1326 1145 1510 1210 cupido·
1539 1149 1642 1196 auri
1670 1149 1898 1199 immensa

219 1213 467 1262 obtentum
494 1213 718 1277 habebat,
745 1216 880 1278 quasi
909 1214 1169 1263 subsidium
1194 1230 1350 1278 regno
1378 1224 1645 1280 pararetur.

317 1284 365 1335 8.
403 1284 495 1332 Die
522 1286 793 1348 nuptiarum
819 1285 1009 1333 Silanus
1035 1292 1237 1334 mortem
1264 1284 1355 1333 sibi
1387 1288 1651 1355 conscivit,
1693 1291 1800 1338 sive
1837 1305 1902 1339 eo

214 1369 368 1418 usque
397 1369 534 1419 spem
560 1357 688 1403 vitae
715 1354 1039 1419 produxerat,
1083 1370 1170 1404 seu
1205 1355 1397 1404 delecto
1430 1356 1509 1405 die
1544 1359 1814 1422 augendam
1837 1359 1897 1409 ad

214 1424 458 1473 invidiam.
511 1422 712 1473 Calvina
740 1439 884 1473 soror
909 1426 1012 1473 eius
1036 1425 1175 1474 Italia
1213 1425 1351 1491 pulsa
1388 1433 1477 1475 est.
1534 1428 1714 1479 addidit
1753 1429 1895 1479 Clau-

215 1494 320 1543 dius
369 1509 508 1543 sacra
554 1510 616 1543 ex
659 1494 852 1557 legibus
892 1494 1018 1543 Tulli
1061 1497 1196 1558 regis
1232 1496 1522 1561 piaculaque
1566 1499 1691 1564 apud
1737 1500 1895 1548 lucum

171 1584 190 1615 5
212 1563 397 1613 Dianae
442 1580 530 1629 per
575 1565 832 1629 pontifices
887 1564 1066 1627 danda,
1126 1565 1444 1614 inridentibus
1496 1571 1707 1633 cunctiS‚
1768 1570 1896 1634 quod

213 1649 407 1699 poenae
445 1636 913 1699 procurationesque
947 1635 1119 1683 incesti
1153 1634 1202 1683 id
1240 1638 1472 1699 temporis
1510 1641 1889 1702 exquirerentur.

213 1712 261 1754 at
285 1705 580 1768 Agrippina,
603 1720 663 1752 ne
689 1704 827 1752 malis
850 1712 1028 1753 tantum
1054 1704 1352 1753 facinoribus
1378 1713 1676 1771 notesceret,
1703 1709 1893 1758 veniam

213 1774 345 1822 exilii
374 1788 464 1837 pro
493 1772 698 1821 Annaeo
728 1774 937 1836 Seneca,
965 1774 1102 1823 simul
1129 1781 1403 1838 praeturam
1430 1777 1683 1842 impetrat,
1718 1777 1893 1827 laetum

210 1845 258 1892 in
284 1843 529 1909 publicum
554 1851 655 1891 rata
685 1842 747 1891 ob
784 1843 1113 1893 claritudinem
1152 1844 1416 1895 studiorum
1452 1848 1581 1910 eiuS,
1617 1857 1762 1914 utque
1794 1847 1892 1896 Do·

152 1935 193 1968 10
214 1915 329 1964 mitii
367 1915 572 1977 pueritia
611 1913 694 1961 tali
729 1914 959 1976 magistro
996 1914 1307 1964 adolesceret
1343 1923 1390 1964 et
1424 1917 1639 1966 consiliis
1678 1917 1895 1966 eiusdem

211 1985 271 2034 ad
296 1999 435 2048 spem
460 1983 797 2032 dominationis
824 1990 1099 2047 uterentur,
1142 1986 1250 2049 quia
1278 1986 1467 2036 Seneca
1493 1987 1613 2036 fidus
1638 1989 1684 2036 in
1710 1987 1891 2052 Agrip-

211 2057 369 2120 pinam
405 2054 634 2104 memoria
666 2052 892 2103 beneficii
934 2062 981 2103 et
1008 2055 1224 2104 infensus
1253 2053 1454 2105 Claudio
1482 2056 1654 2106 dolore
1690 2058 1892 2106 iniuriae

171 2175 174 2179 ,
211 2124 513 2174 credebatur.
1202 2174 1205 2177 Α

310 2196 360 2245 9.
399 2193 632 2243 Placitum
664 2191 840 2241 dehinc
879 2207 975 2242 non
1006 2194 1128 2244 ultra
1177 2196 1417 2258 cunctari,
1463 2196 1550 2245 sed
1589 2196 1891 2260 designatum

212 2264 462 2312 consulem
488 2264 757 2313 Memmium
783 2262 1053 2312 Pollionem
1081 2264 1357 2327 ingentibus
1384 2267 1634 2329 promissis
1663 2266 1891 2315 inducunt

209 2334 491 2382 sententiam
536 2347 853 2397 expromere,
903 2348 993 2396 qua
1041 2341 1261 2382 oraretur
1308 2334 1531 2384 Claudius
1580 2335 1896 2401 despondere

211 2402 459 2452 Octaviam
493 2403 729 2459 Domitio;
781 2401 907 2466 quod
947 2404 1091 2451 aetati
1128 2405 1377 2467 utriusque
1416 2420 1510 2453 non
1549 2405 1805 2454 absurdum
1840 2413 1891 2453 et

169 2494 188 2525 5
209 2474 393 2522 maiora
427 2473 779 2536 patefacturum
817 2480 935 2520 erat.
985 2472 1141 2520 Pollio
1170 2472 1294 2520 haud
1332 2473 1602 2538 disparibus
1628 2474 1790 2524 verbis
1828 2489 1889 2523 ac

208 2558 364 2607 nuper
396 2542 622 2592 Vitellius
664 2548 861 2597 censet;
914 2541 1338 2606 despondeturque
1380 2543 1604 2607 Octavia,
1645 2559 1704 2602 ato
1739 2559 1888 2608 super

209 2615 422 2678 priorem
475 2611 882 2661 necessitudinem
944 2627 1152 2676 sponsus
1205 2614 1296 2660 iam
1353 2621 1399 2661 et
1448 2629 1600 2676 gener
1650 2613 1886 2662 Domitius

210 2684 406 2747 aequari
443 2682 719 2730 Britannico
759 2682 925 2731 studiis
953 2683 1143 2744 matriS,
1180 2690 1284 2731 arte
1315 2697 1477 2731 eorum
1507 2685 1611 2747 quis
1645 2682 1707 2730 ob
1743 2698 1882 2732 accu-

212 2760 361 2800 satam
386 2752 691 2800 Messalinam
717 2750 833 2800 ultio
866 2768 928 2801 ex
955 2751 1054 2800 filio
1084 2752 1351 2801 timebatur.

321 2824 403 2872 10.
437 2822 530 2870 Per
550 2820 675 2868 idem
696 2828 882 2886 tempus
905 2822 1056 2884 legati
1077 2822 1357 2871 Parthorum
1381 2822 1439 2870 ad
1461 2821 1798 2885 expetendum,
1835 2827 1885 2868 ut

210 2891 402 2952 rettuli,
437 2889 750 2939 Meherdaten
794 2893 926 2939 missi
972 2900 1182 2939 senatum
1210 2891 1537 2953 ingrediuntur
1566 2891 1899 2954 mandataque·
