1982 3216
188 166 295 204 VIII
660 167 1115 211 COMMENTARIUS
1148 173 1427 214 CRITICUS.

184 298 311 344 Jahn
335 300 364 345 l.
395 300 460 356 e.)
501 293 513 366 Ι
554 307 608 350 15
635 309 950 361 opposuerant
974 304 1049 349 He
1090 304 1097 362 Ι
1140 310 1193 354 17
1219 307 1422 365 deripuit
1447 307 1493 352 B
1525 303 1532 371 Ι
1574 314 1630 358 18
1656 310 1898 358 deferebat

185 369 410 428 impectus
446 369 453 428 Ι
483 375 542 419 20
566 372 844 418 accedentes
868 372 925 418 M
953 371 962 436 Ι
995 371 1088 432 36,
1115 381 1144 424 8
1162 375 1262 421 sive
1286 376 1385 421 JG:
1412 377 1504 423 sibi
1537 377 1545 436 Ι
1579 381 1896 427 concederen-

187 443 259 483 tur
284 438 355 484 R.-
391 442 732 495 concedentur;
760 456 801 487 v.
838 443 902 489 W
919 445 967 488 in
989 458 1033 490 n.
1063 458 1173 489 ann.
1193 445 1283 503 ph.
1309 452 1415 504 etp,
1441 452 1524 505 52,
1550 453 1607 498 32

327 506 422 568 37,
461 516 489 559 3
519 511 779 570 quitaniunt
806 514 1270 573 etuicessimanique,
1307 529 1390 561 em.
1426 516 1520 561 Hm
1556 515 1627 579 (q.
1655 520 1894 567 unetvice-

183 580 440 638 simanique
468 577 533 643 v.)
547 600 562 632 ,·
584 581 648 640 ef.
672 582 736 629 H.
764 587 818 640 3,
844 587 901 630 14
929 585 1367 643 unietvicensimae,
1394 589 1472 644 qui
1495 593 1562 632 est
1588 589 1782 635 dativus.

326 645 420 707 38,
448 656 476 700 3
497 649 572 698 M'.
602 651 776 698 Ennius
802 652 855 698 N
886 654 1007 708 (coll.
1037 654 1184 699 Dione
1210 661 1295 713 55,
1321 658 1423 713 13):
1454 658 1662 704 mennius
1690 655 1772 718 (M.
1801 659 1895 705 En-

182 719 285 765 nius
315 719 390 776 H)
429 714 436 784 Ι
481 719 576 776 41,
612 727 641 769 4
668 722 777 780 quid
807 728 897 768 tam
926 724 1060 769 triste
1086 724 1161 775 H;
1197 726 1511 783 spectaculum
1550 727 1706 774 deesse
1740 728 1891 788 Upu-

180 790 306 834 tabat
335 784 342 854 Ι
376 797 402 838 5
433 791 618 837 uxoris:
650 792 788 838 uxori
814 793 1008 839 honoris
1045 794 1208 839 PVurm
1235 795 1421 850 (Philet.
1443 796 1547 855 IX,
1572 799 1680 853 89),
1712 801 1794 857 qui
1814 797 1892 844 de-

178 860 283 904 inde
306 860 487 906 scribit:
516 866 563 906 et
585 866 807 907 externae
833 863 953 908 tradi
982 863 1088 908 fidei

319 927 416 988 43,
444 936 499 978 12
526 944 705 990 vosque
735 945 928 990 quorum
958 933 1007 978 N
1042 927 1048 995 Ι
1093 930 1190 992 44,
1221 938 1276 984 17
1307 948 1547 981 censuram
1577 932 1793 996 (censum
1815 935 1892 999 H)

180 1000 496 1045 centurionum
525 1001 626 1052 Bz;
662 1007 710 1046 at
732 1007 886 1047 eoestat
910 1017 952 1048 v.
989 1004 1364 1062 centurionatus,
1394 1011 1445 1050 ut
1474 1007 1650 1052 monuit
1697 1006 1890 1064 Urlichs,

178 1071 312 1114 etiam
345 1072 391 1114 in
417 1075 566 1116 vetere
592 1073 714 1116 titulo
748 1073 795 1116 in
830 1072 954 1117 Bull.
989 1073 1190 1118 archeol.
1215 1080 1327 1123 1851
1349 1088 1463 1133 pay.
1504 1079 1590 1124 174
1632 1076 1639 1134 Ι
1679 1081 1737 1124 20
1772 1078 1892 1125 dona

188 1139 437 1185 Victorius.-
464 1140 654 1186 donaria
688 1135 695 1204 Ι
729 1146 783 1189 21
813 1143 1030 1199 ordines,
1055 1155 1138 1191 em.
1164 1143 1395 1202 Kiessliny

319 1206 413 1267 47,
440 1215 467 1258 6
500 1210 851 1257 intenderentur
881 1205 891 1275 Ι
925 1209 1019 1270 50,
1047 1219 1072 1260 5
1112 1214 1220 1259 inde
1256 1214 1314 1259 ad
1341 1214 1487 1260 saltus
1525 1213 1687 1260 Wurm
1712 1216 1760 1260 in
1783 1214 1892 1261 Phi·

178 1281 253 1324 lol.
277 1280 365 1337 ΙΧ,
402 1284 459 1328 92
505 1276 512 1344 Ι
556 1276 650 1338 51,
676 1286 734 1329 20
758 1281 919 1340 primis
975 1275 982 1346 Ι
1031 1279 1125 1341 52,
1159 1289 1184 1331 5
1221 1283 1370 1342 magis
1409 1284 1666 1343 inspectcm
1702 1284 1796 1340 (vel
1819 1285 1892 1331 in-

176 1351 408 1408 spectum)
440 1342 448 1414 Ι
483 1347 577 1408 53,
603 1353 629 1398 7
662 1356 770 1410 post
801 1365 937 1396 unum
971 1351 978 1411 Ι
1011 1349 1106 1409 54,
1134 1358 1163 1401 3
1190 1353 1336 1399 Titios
1374 1353 1671 1399 Vertranius:
1696 1354 1838 1401 tatios

317 1416 411 1477 55,
439 1426 492 1468 11
521 1420 722 1478 armeni,
761 1427 812 1466 ut
834 1424 968 1466 etiam
994 1426 1048 1479 2,
1076 1427 1135 1471 88
1165 1423 1395 1468 armenius
1423 1428 1465 1468 et
1489 1429 1537 1471 11
1557 1457 1571 1481 ,
1596 1428 1651 1472 16
1678 1423 1891 1482 armenii,

172 1494 221 1534 ut
243 1501 406 1534 nomen
431 1503 460 1534 a
486 1489 711 1536 Strabone
728 1492 943 1537 traditum
966 1497 1046 1537 est.
1080 1485 1089 1555 Ι
1122 1496 1178 1539 14
1203 1506 1350 1550 gener
1374 1492 1553 1539 invisus
1577 1493 1789 1538 inimicus
1812 1507 1890 1539 so-

175 1559 271 1604 ceri
311 1559 396 1605 Wr
420 1562 518 1605 sine
553 1565 773 1606 commate
783 1581 798 1612 ;
832 1576 875 1607 v.
913 1562 1041 1608 Win
1075 1575 1183 1607 ann.
1212 1562 1330 1620 phil.
1365 1566 1408 1606 et
1431 1576 1485 1620 p.
1516 1563 1602 1609 vol.
1639 1567 1721 1620 52,
1757 1567 1814 1611 52
1850 1567 1893 1608 et

171 1628 275 1687 Bz,
303 1630 383 1688 qui
407 1631 634 1688 explieat.-
666 1630 780 1676 εῘιοιῑ
805 1631 897 1676 dici
915 1636 1139 1691 apparet,
1174 1632 1298 1690 quod
1319 1633 1557 1677 Arminius
1579 1633 1724 1690 filiam
1750 1631 1887 1691 8696-

171 1701 229 1743 sti
251 1701 511 1757 rapuisset,
538 1712 760 1760 generum
789 1703 983 1747 invisum
1011 1702 1193 1760 factum
1228 1713 1328 1747 esse
1359 1714 1543 1759 socero,
1578 1714 1712 1760 quem
1742 1703 1887 1747 inimi-

172 1782 275 1813 cum
300 1771 392 1814 iam
418 1774 555 1815 antea
579 1764 826 1816 habuisset.
875 1770 1041 1831 Itaque
1064 1773 1111 1816 in
1135 1785 1186 1817 eo
1214 1775 1420 1816 erratum
1449 1775 1538 1828 est,
1563 1771 1688 1830 quod
1709 1771 1886 1817 invisus

171 1843 215 1883 et
247 1838 461 1885 inimicus
497 1841 696 1886 eiusdem
723 1844 939 1900 temporis
979 1853 1076 1887 esse
1105 1841 1420 1899 putaverunt.'
1468 1841 1559 1885 Alii
1587 1841 1887 1900 distinyuunt:

171 1922 319 1966 gener
344 1909 556 1968 invisus,
582 1909 757 1956 inimici
786 1911 966 1964 soccri;
1006 1913 1120 1956 coni.
1149 1911 1215 1956 P.-
1242 1925 1287 1969 g.
1327 1910 1533 1967 invisus,
1571 1910 1783 1956 inimicus
1809 1923 1888 1956 so-

172 1992 275 2032 cer;
305 1978 374 2024 N.-
401 1993 446 2038 g.
479 1980 686 2037 invisus,
714 1980 928 2027 inimicus
955 1981 1110 2027 soceri

313 2045 407 2106 56,
437 2054 464 2098 9
494 2050 815 2096 metuebantur
853 2050 892 2095 L
925 2043 932 2115 Ι
966 2057 1017 2100 11
1047 2050 1326 2107 tramiserit,
1365 2062 1450 2094 em.
1487 2050 1528 2094 A
1563 2055 1605 2094 et
1637 2048 1682 2093 P
1711 2048 1807 2103 (hic
1839 2050 1886 2094 in

170 2119 394 2177 append.)
430 2149 437 2156 -
467 2138 470 2141 ·

312 2186 407 2246 57,
435 2194 461 2236 5
489 2190 723 2248 rebusque
749 2190 886 2235 motis
912 2190 974 2234 L.-
1001 2191 1140 2235 rebus
1160 2189 1397 2235 commotis
1434 2181 1441 2252 Ι
1474 2194 1528 2235 15
1556 2201 1706 2246 neque
1734 2187 1886 2233 evicta

170 2258 373 2316 Ruperti
412 2259 499 2313 (ad
527 2258 646 2304 Hist.
675 2264 731 2316 2,
776 2260 854 2314 64)
890 2263 933 2303 et
968 2259 1166 2318 Spenyel
1192 2259 1328 2313 (iiber
1361 2258 1450 2302 das
1483 2261 1605 2302 erste
1637 2255 1774 2302 Buch
1802 2257 1887 2302 der

168 2329 285 2373 Ann.
315 2332 426 2376 1855
448 2342 500 2386 p.
532 2326 640 2389 20):
670 2342 821 2386 neque
843 2328 992 2382 uicta;
1027 2329 1085 2373 cf.
1117 2334 1199 2385 11,
1227 2331 1281 2376 37
1305 2328 1363 2372 ad
1389 2325 1733 2372 miserationem
1758 2325 1885 2372 evic-

168 2404 242 2455 ta,
282 2397 343 2443 H.
379 2402 434 2455 2,
463 2401 521 2446 64
555 2398 601 2442 in
644 2398 861 2463 gaudium
891 2398 1041 2444 evicta
1077 2391 1085 2461 Ι
1117 2393 1213 2454 58,
1244 2403 1270 2445 5
1300 2396 1507 2443 inuisunt
1549 2393 1556 2455 Ι
1600 2401 1652 2443 11
1680 2395 1767 2440 illa
1791 2408 1884 2440 nox

168 2467 306 2524 mihi,
334 2467 506 2512 utinam
532 2467 606 2513 He
649 2462 656 2529 Ι
702 2471 755 2515 17
783 2468 1069 2526 permitiem,
1095 2472 1146 2513 ut
1178 2468 1226 2511 in
1251 2465 1375 2511 Med.
1412 2466 1497 2511 hoc
1520 2477 1615 2510 voc.
1647 2465 1791 2509 scribi
1807 2476 1882 2508 so-

170 2539 227 2581 let
270 2535 277 2595 Ι
320 2541 376 2583 22
402 2541 564 2582 vetere
591 2536 655 2581 L.-
683 2542 842 2582 uetera
873 2534 1096 2596 (Vetera,
1133 2541 1183 2581 ul
1205 2538 1370 2581 iterum
1399 2534 1599 2594 Spenyel
1619 2534 1650 2578 l.
1674 2547 1714 2578 c.
1735 2533 1882 2588 voluit,

168 2613 250 2651 aut
278 2612 484 2652 veterem
526 2612 610 2651 aut
642 2611 688 2651 et
728 2620 837 2652 acra
870 2611 950 2651 aut
980 2608 1103 2652 ultro
1146 2607 1328 2664 aliaque
1365 2607 1446 2650 alii
1479 2603 1728 2659 malebant,
1764 2613 1884 2661 quae

168 2678 319 2721 omnia
343 2678 492 2720 minus
509 2676 771 2734 probabilia
796 2672 1032 2736 videntur)
1069 2675 1076 2734 Ι
1110 2673 1204 2733 59,
1241 2680 1298 2724 13
1322 2675 1554 2720 hominum
1582 2686 1642 2717 m.
1661 2686 1742 2730 pr.
1771 2667 1882 2730 (ho-

168 2745 333 2791 minem
367 2741 544 2805 eorr.).-
573 2747 820 2792 Romanum
846 2747 935 2794 Fr.
969 2746 1086 2805 Auy.
1125 2745 1275 2804 Wolf,
1311 2746 1401 2790 hoc
1429 2756 1563 2788 unum
1593 2742 1694 2799 ΒΖ,
1722 2754 1882 2786 sacer-
1909 2773 1914 2777 -

169 2815 344 2860 dotium
359 2849 372 2871 ,
402 2815 630 2860 dominum
650 2817 724 2861 He
734 2834 749 2866 ;
772 2818 872 2873 ipse
882 2818 1024 2874 prius
1043 2817 1326 2861 conieceram
1346 2813 1566 2864 hostium;
1587 2823 1711 2856 nune
1731 2815 1881 2859 tamen

161 2890 412 2943 praestare
459 2885 599 2929 visum
643 2891 710 2929 est
748 2886 978 2930 lectionem
1029 2887 1250 2930 incertam
1303 2882 1532 2929 hominum
1573 2892 1787 2934 servare,
1832 2882 1883 2924 ut
