1976 3224
460 223 632 260 LIBER
657 223 730 260 VI.
762 221 888 261 OAP.
910 218 935 264 1
951 239 1013 247 -
1029 223 1055 264 5
1084 209 1161 277 (V,
1187 209 1393 275 6—10).
1665 213 1759 262 153

97 365 191 400 non
218 350 517 398 clementiam
544 351 818 412 cuiusquam
858 349 1108 412 experiar,
1154 349 1242 397 sed
1281 349 1406 397 liber
1443 356 1490 397 et
1523 347 1632 396 mihi
1669 348 1762 411 ipsi

99 419 327 484 probatus
353 419 511 468 antibo
540 418 822 483 periculum.
872 432 962 466 vos
983 417 1203 467 obtestor
1225 433 1288 465 ne
1311 419 1587 466 memoriam
1607 418 1760 464 nostri

96 504 184 553 per
217 503 484 536 maerorem
521 502 659 551 quam
705 487 817 535 laeti
850 488 1126 550 retineatiS,
1164 486 1414 536 adiciendo
1455 502 1531 535 me
1568 501 1760 550 quoque
1779 504 1818 536 10

95 560 152 606 iis
179 558 259 622 qui
282 559 375 606 fine
409 557 616 620 egregio
645 555 836 620 publica
860 556 984 605 mala
1017 555 1332 618 effugerunt.'

199 626 245 674 2.
286 626 418 675 Tunc
457 625 700 688 singulm,
732 632 782 673 ut
815 626 986 689 cuique
1017 624 1281 687 adsistere,
1311 624 1505 689 adloqui
1536 625 1716 674 animus
1734 625 1818 684 V,7

96 703 212 759 erat,
233 696 444 744 retinens
465 702 542 743 aut
562 695 799 743 dimittens
819 702 1005 758 partem
1025 693 1118 742 diei
1131 694 1410 759 absumpsit,
1422 693 1667 758 multoque
1683 693 1762 742 ad·

94 766 186 813 huc
208 772 349 812 coetu
370 771 417 812 et
439 765 621 812 cunctis
642 763 928 828 intrepidum
947 764 1127 812 vultum
1150 766 1252 812 eius
1278 762 1625 828 spectantibuS,
1658 777 1762 811 cum

95 848 354 898 superesse
373 840 559 897 tempus
579 834 850 881 novissimis
871 833 1140 895 crederent,
1162 832 1324 896 gladio
1347 848 1486 898 quem
1506 833 1610 881 sinu
1629 831 1760 881 abdi-

95 903 227 953 derat
247 901 470 951 incubuit.
499 917 654 966 neque
678 900 859 950 Caesar
877 902 986 950 ullis
1003 902 1278 950 criminibus
1297 910 1375 951 aut
1387 900 1581 967 probris
1594 902 1759 950 defun·
1777 917 1797 948 5

97 973 491 1021 ctuminsectatus
505 978 596 1034 est,
611 986 714 1019 cum
727 970 1760 1035 inBlaesummultafoedaqueincusavisset.

199 1041 246 1089 3.
299 1041 518 1091 Relatum
571 1040 681 1088 inde
736 1040 795 1089 de
850 1040 912 1089 P.'
950 1040 1151 1090 Vitellio
1195 1048 1243 1089 et
1289 1040 1557 1104 Pomponio
1614 1041 1699 1090 Se·
1729 1042 1822 1099 V,8

96 1110 266 1160 cundo.
326 1110 456 1158 illum
490 1109 674 1158 indices
712 1110 979 1172 arguebant
1015 1109 1226 1158 claustra
1261 1111 1464 1174 aerarii,
1502 1111 1576 1158 cui
1621 1124 1761 1174 prae-

95 1181 251 1228 fectus
289 1186 415 1240 erat,
454 1186 501 1227 et
533 1178 784 1227 militarem
832 1181 1083 1243 pecuniam
1124 1179 1271 1228 rebus
1314 1181 1454 1228 novis
1501 1179 1758 1236 obtulisse;

95 1250 204 1298 huic
241 1264 267 1296 a
294 1247 348 1297 0.
378 1247 606 1297 Considio
648 1255 872 1312 praetura
906 1246 1071 1297 functo
1112 1247 1446 1297 obiectabatur
1481 1248 1611 1297 Aelii
1636 1247 1761 1298 Galli

98 1319 330 1380 amicitia,
361 1318 440 1381 qui
468 1318 632 1381 punito
661 1317 834 1366 Seiano
862 1318 910 1365 in
936 1317 1105 1366 hortos
1131 1317 1382 1383 Pomponii
1420 1319 1556 1382 quasi
1590 1318 1760 1366 fidissi-
1779 1333 1800 1364 5

96 1402 219 1435 mum
252 1386 311 1436 ad
348 1386 605 1435 subsidium
640 1387 953 1451 perfugisset.
1020 1402 1178 1451 neque
1218 1387 1343 1436 aliud
1379 1387 1761 1451 periclitantibus

98 1455 257 1505 auxilii
300 1470 437 1519 quam
471 1458 517 1504 in
555 1456 751 1504 fratrum
787 1457 1052 1505 constantia
1077 1457 1189 1520 fuit,
1233 1457 1312 1521 qui
1335 1456 1485 1505 vades
1511 1457 1759 1504 exstitere.

96 1540 208 1574 mox
246 1525 431 1573 crebris
473 1525 822 1590 prolationibus
859 1541 995 1589 spem
1044 1541 1100 1574 ac
1139 1534 1314 1574 metum
1358 1528 1488 1575 iuxta
1531 1532 1760 1588 gravatus

96 1594 320 1645 Vitellius
347 1596 496 1659 petito
527 1610 615 1659 per
650 1596 864 1660 speciem
895 1595 1156 1644 studiorum
1191 1595 1386 1660 scalpro
1425 1595 1583 1644 levem
1616 1595 1761 1642 ictum

96 1665 233 1712 venis
258 1663 410 1713 intulit
435 1666 677 1728 vitamque
704 1664 1004 1727 aegritudine
1023 1665 1162 1713 animi
1184 1665 1349 1713 finivit.
1399 1671 1447 1713 at
1467 1663 1760 1729 Pomponius
1777 1679 1825 1712 1o

2 2709 17 3091 am‘w-m—-r-
4 2685 8 2702 ⁴·
2 2627 9 2677 ...-
0 2576 10 2604 .-

95 1732 239 1782 multa
262 1747 443 1782 morum
471 1734 708 1797 elegantia
737 1742 783 1782 et
809 1735 1005 1796 ingenio
1029 1734 1230 1796 inlustri,
1257 1733 1364 1782 dum
1386 1733 1637 1783 adversam
1661 1732 1758 1782 for-

99 1810 259 1852 tunam
287 1817 467 1866 aequus
493 1803 685 1866 tolerat,
713 1803 910 1852 Tiberio
937 1810 1187 1868 superstes
1211 1803 1314 1852 fuit.

201 1874 249 1920 4.
312 1870 541 1919 Placitum
588 1872 792 1935 posthac
849 1880 898 1920 ut
942 1874 989 1920 in
1041 1873 1261 1936 reliquos
1307 1873 1467 1926 Seiani
1514 1872 1697 1921 liberos
1727 1873 1817 1930 V‚9

98 1940 456 2002 adverteretur,
485 1948 778 1989 vanescente
805 1956 1086 2005 quamquam
1120 1941 1279 2006 plebis
1311 1944 1380 1990 ira
1416 1956 1473 1990 ac
1510 1942 1760 2006 plerisque

102 2025 189 2074 per
218 2010 379 2072 priora
418 2009 653 2074 supplicia
690 2010 862 2068 lenitis.
934 2012 1368 2074 igitur-portantur
1403 2012 1450 2058 in
1498 2024 1760 2072 carcerem,

101 2079 224 2127 lilius
251 2079 583 2127 imminentium
615 2078 922 2142 intellegens,
949 2079 1265 2143 puellaadeo
1291 2080 1453 2128 nescia
1470 2116 1483 2141 ,
1511 2087 1561 2127 ut
1585 2079 1760 2127 crebro
1823 2138 1827 2146 ἱ

103 2149 440 2210 interrogaret,
464 2147 590 2211 quod
613 2148 675 2196 ob
699 2148 922 2196 delictum
945 2156 992 2197 et
1012 2163 1107 2213 quo
1124 2148 1415 2206 traheretur;
1433 2163 1591 2212 neque
1610 2148 1760 2197 factu·
1780 2169 1799 2198 5

99 2230 200 2267 ram
220 2217 359 2278 ultra,
375 2224 426 2265 et
446 2231 592 2281 posse
613 2233 666 2266 se
689 2218 858 2281 puerili
878 2217 1085 2266 verbere
1104 2218 1303 2267 moneri.
1324 2217 1514 2266 tradunt
1529 2218 1762 2282 temporis

102 2286 204 2335 ‘eius
223 2293 461 2348 auct-ores,
486 2287 592 2350 quia
614 2287 890 2335 triumvirali
914 2287 1152 2352 supplicio
1168 2286 1307 2336 adfici
1327 2287 1563 2350 virginem
1583 2286 1760 2346 inaudi-

99 2363 195 2411 tum
212 2353 494 2418 habebatur,
516 2371 541 2405 a
563 2356 787 2404 carnifice
801 2355 1020 2419 laqueum
1035 2357 1163 2404 iuxta
1179 2356 1524 2420 conpressami
1540 2352 1664 2405 exim
1679 2355 1761 2403 ob-

100 2422 440 2484 lisisrafaucibus
460 2424 507 2473 id
529 2426 697 2474 aetatis
719 2439 928 2490 corpora
953 2419 999 2474 i'n
1022 2424 1277 2475 Gemonias
1294 2421 1507 2474 abiecta.

166 2507 168 2510 ·
204 2494 252 2542 5.
313 2492 406 2542 Per
438 2493 563 2560 idem
607 2502 795 2558 tempus
836 2494 956 2543 Asia
1003 2493 1380 2559 atquefAchaia.
1423 2495 1685 2542 exterritae
1711 2495 1830 2553 Ἕω

103 2570 217 2622 sunt,
233 2564 332 2611 acri
371 2564 525 2626 magis
566 2577 703 2626 quam
736 2564 955 2612 diuturno
996 2560 1454 2625 rumore-,Drusum
1494 2561 1764 2612 Germanici

104 2629 245 2690 flllnm
283 2631 407 2695 apud
442 2631 679 2692 Cycladas
714 2632 922 2692 insulas,
961 2648 1073 2681 mox
1110 2633 1156 2679 in
1193 2633 1451 2679 continenti
1487 2633 1652 2678 visum.
1717 2638 1765 2678 et

105 2706 206 2747 erat
229 2700 413 2748 iuvenis
438 2700 561 2749 haud
588 2700 767 2764 dispari
798 2708 981 2763 aetate,
1021 2700 1299 2764 quibusdam
1326 2699 1549 2748 Caesaris
1577 2698 1762 2747 libertis

103 2767 234 2816 velut
272 2768 515 2832 adgnitus;
579 2785 666 2834 per
722 2768 980 2832 dolumque
1035 2768 1367 2818 comitantibus
1415 2767 1761 2816 adliciebantur
1781 2781 1808 2810 5

105 2836 257 2898 ignari
289 2837 412 2886 fama
439 2840 641 2887 nominis
669 2845 716 2885 et
750 2838 984 2902 promptis
1009 2838 1306 2887 'Graecorum
1345 2837 1511 2885 animis
1547 2836 1603 2885 ad
1637 2853 1762 2886 nova

108 2911 153 2951 et
178 2905 318 2954 mira:
347 2909 526 2971 quippe
554 2908 769 2956 elansum
791 2906 1035 2955 custodiae
1060 2920 1271 2971 pergere
1291 2906 1347 2954 ad
1372 2914 1602 2970 paternos
1623 2921 1761 2954 exer-
