2008 3230
205 177 270 228 28
631 124 908 230 οοΒΝΕῗΗ
930 190 1125 229 TAcrrI
1143 191 1450 230 ANNALIUM

206 326 253 367 et
281 324 476 367 ceteros
503 331 741 381 proceres
766 319 996 368 vinciret:
1037 319 1153 368 nihil
1180 334 1400 369 ausuram
1427 318 1623 383 plebem
1650 319 1877 384 principi·

147 402 188 435 10
206 388 296 437 bus
323 388 512 452 amotis,
535 395 687 456 'atque
717 388 812 452 ipsi
838 396 1028 452 tempus
1053 389 1179 451 fore,
1212 405 1307 454 quo
1337 389 1533 438 crimina
1572 396 1621 438 et
1655 390 1876 438 innoxios

203 458 519 507 discerneret.
573 457 663 506 sed
686 456 843 506 Varus
885 458 986 507 fato
1026 466 1074 507 et
1107 461 1155 507 vi
1182 459 1364 507 Armini
1402 459 1601 507 cecidit:
1630 459 1878 522 -Segestes

205 540 489 592 quamquam
520 541 761 576 consensu
791 529 950 590 gentis
975 530 1023 576 in
1057 528 1239 577 bellum
1268 535 1451 578 tractus
1494 528 1683 577 discors
1717 541 1877 577 mane-

202 596 302 659 bat,
333 597 487 646 auctis
512 597 733 661 privatim
760 597 902 659 odiis,
933 599 1061 662 quod
1088 598 1328 647 Arminius
1359 598 1504 647 filiam
1544 598 1648 646 eius
1685 597 1765 646 alii
1795 611 1878 662 pa-

205 673 328 716 ctam
354 673 610 730 rapuerat,
652 681 807 730 gener
840 668 1021 716 invisus
1051 668 1226 716 inimici
1265 669 1449 725 soceri;
1488 681 1711 732 quaeque
1749 667 1878 731 apud

145 750 188 784 15
205 736 486 787 concordes>
507 735 698 786 vincula
725 737 956 800 caritatis,
983 739 1289 787 incitamenta
1314 739 1489 800 irarum
1511 737 1637 802 apud
1659 737 1873 787 infensos

203 814 354 854 erant.
1083 839 1086 843 -

308 876 390 926 56.
429 873 580 938 Igitur
603 874 913 925 Germanicus
954 884 1177 941 quattuor
1209 877 1461 940 legioneS‚
1501 877 1709 940 quinque
1747 876 1876 925 auxi·

201 945 387 995 liarium
413 945 542 994 milia
573 952 621 994 et
644 946 972 996 tumultuarias
1010 955 1232 996 catervas
1259 946 1600 996 Germanorum
1640 947 1710 994 cis
1748 945 1876 994 Rhe-

200 1030 310 1063 num
338 1015 596 1064 colentium
625 1012 866 1065 Caecinae
903 1017 1070 1074 tradit;
1106 1016 1306 1066 totidem
1344 1017 1567 1080 legiones
1580 1054 1593 1080 ‚
1634 1015 1878 1080 duplicem

201 1086 444 1134 sociorum
470 1099 715 1133 numerum
740 1085 847 1150 ipse
882 1086 1037 1148 ducit,
1078 1087 1339 1151 positoque
1371 1085 1575 1135 castello
1611 1101 1760 1150 super
1794 1101 1877 1134 ve·

121 1188 134 1200 ·
161 1166 180 1198 5
203 1156 347 1218 stigia
381 1155 568 1219 paterni
597 1155 825 1219 praesidii
851 1156 899 1203 in
927 1165 1088 1205 monte
1115 1155 1279 1205 Tauno
1309 1156 1586 1221 expeditum
1613 1156 1877 1204 exercitum

201 1226 249 1273 in
278 1223 480 1274 Chattos
500 1226 642 1289 rapit,
673 1229 720 1274 L.
749 1225 968 1290 Apronio
1010 1227 1069 1275 ad
1105 1227 1394 1274 munitiones
1427 1226 1610 1274 viarum
1643 1232 1693 1274 et
1728 1224 1874 1283 flumi-

200 1310 310 1343 num
338 1294 530 1344 relictO.
589 1309 696 1344 nam
720 1295 902 1359 (rarum
927 1296 998 1345 illi
1026 1296 1193 1361 caelo)
1224 1296 1520 1350 siccitatevet
1541 1294 1754 1343 amnibus
1779 1308 1877 1343 mo-

202 1364 322 1420 dicis
357 1364 644 1413 inoffensum
678 1366 772 1414 iter
807 1373 1188 1432 properaverat,
1227 1365 1505 1430 imbresque
1547 1372 1596 1413 et
1639 1364 1878 1413 fluminum

201 1441 369 1483 auctus
399 1434 697 1503 regredienti
721 1435 1040 1487 metuebatur.
1088 1436 1176 1484 sed
1216 1434 1398 1484 Chattis
1438 1435 1562 1484 adeo
1604 1435 1879 1498 inprovisus

144 1516 186 1550 10
203 1503 423 1566 advenit,
468 1511 519 1552 ut
556 1505 687 1568 quod
724 1504 1018 1557 imbecillum
1057 1512 1215 1554 aetate
1255 1521 1312 1554 ac
1354 1521 1475 1553 sexu
1503 1503 1661 1553 statim
1688 1511 1878 1568 captum

201 1581 280 1622 aut
306 1574 590 1623 trucidatum
618 1574 692 1623 sit.
738 1575 960 1623 iuventus
987 1575 1163 1624 flumen
1188 1575 1429 1624 Adranam
1466 1574 1622 1622 nando
1660 1573 1877 1622 tramise-

200 1651 289 1708 rat,
321 1643 666 1708 Romanosque
687 1652 885 1708 pontem
908 1646 1179 1709 coeptantis
1200 1645 1447 1694 arcebant.
1498 1644 1608 1692 dein
1628 1643 1878 1692 tormentis

203 1714 487 1777 sagittisque
517 1714 660 1778 pulsi,
690 1715 934 1778 temptatis
961 1714 1138 1763 frustra
1166 1714 1532 1763 condicionibus
1565 1713 1728 1778 paciS,
1772 1727 1879 1761 cum

202 1783 393 1846 quidam
431 1783 491 1832 ad
532 1781 866 1833 Germanicum
903 1784 1260 1848 perfugissent,
1297 1784 1472 1848 reliqui
1512 1783 1702 1832 omissis
1737 1782 1878 1846 pagis

143 1868 185 1901 15
202 1853 422 1917 vicisque
448 1854 496 1902 in
534 1853 684 1901 silvas
724 1853 1082 1918 disperguntur.
1137 1853 1321 1903 Caesar
1356 1855 1556 1902 incenso
1597 1852 1761 1902 Mattio
1803 1851 1877 1914 (id

201 1923 335 1985 genti
362 1924 530 1988 caput)
559 1930 727 1986 aperta
753 1923 1016 1987 populatus
1050 1925 1196 1973 vertit
1240 1924 1299 1972 ad
1336 1923 1581 1984 Rhenum,
1629 1936 1725 1970 non
1759 1934 1877 1969 auso

202 1992 342 2040 hoste
370 1999 508 2056 terga
538 1992 809 2041 abeuntium
848 1993 1128 2056 lacessere,
1167 1994 1296 2058 quod
1330 1993 1401 2042 illi
1435 1994 1609 2054 moriS,
1653 1991 1877 2056 quotiens

203 2068 308 2111 astu
334 2064 488 2126 magis
517 2077 657 2127 quam
684 2077 773 2126 per
799 2062 1101 2112 formidinem
1130 2064 1295 2116 cessit.
1350 2063 1507 2111 fuerat
1546 2062 1725 2110 animus
1753 2058 1876 2108 Che·

202 2132 360 2180 ruscis
385 2133 552 2181 iuvare
580 2132 796 2195 chattos,
825 2133 914 2182 sed
942 2134 1176 2182 exterruit
1203 2131 1412 2181 Caecina
1440 2133 1533 2180 huc
1558 2131 1674 2179 illuc
1712 2130 1876 2178 ferens

143 2212 185 2246 20
203 2215 357 2260 arma3
387 2209 435 2250 et
465 2201 654 2251 Marsos
681 2202 915 2268 congredi
941 2217 1086 2252 ausos
1116 2216 1358 2266 prospero
1386 2201 1575 2266 proelio
1604 2198 1832 2248 cohibuit.

307 2271 389 2318 57.
430 2270 604 2335 Neque
642 2279 790 2320 multo
829 2279 941 2336 post
978 2273 1127 2335 legati
1165 2287 1190 2321 a
1231 2273 1440 2335 Segeste
1482 2275 1716 2318 venerunt
1746 2267 1877 2316 auxi-

201 2339 315 2388 lium
342 2347 536 2406 orantes
577 2341 810 2390 adversus
849 2342 942 2389 vim
977 2341 1308 2405 popularium,
1348 2355 1375 2389 a
1413 2341 1518 2404 quis
1554 2337 1876 2387 circumsede-

201 2407 358 2474 batur,
385 2409 622 2458 validiore
650 2410 776 2474 apud
800 2423 887 2458 eos
914 2410 1147 2472 Armini0,
1172 2411 1395 2475 quoniam
1414 2409 1595 2458 bellum
1617 2406 1875 2456 suadebat:

200 2493 308 2528 nam
342 2477 588 2542 barbaris,
629 2487 807 2543 quanto
847 2480 951 2543 quis
995 2480 1194 2529 audacia
1234 2486 1517 2545 promptus,
1553 2484 1683 2527 tanto
1725 2477 1877 2538 magis

159 2559 179 2591 5
202 2548 324 2596 fidus
345 2548 591 2613 rebusque
617 2550 757 2597 motis
785 2550 948 2612 potior
973 2549 1193 2598 habetur.
1245 2548 1496 2598 addiderat
1532 2550 1767 2611 Segestes
1807 2545 1876 2593 le-

203 2618 326 2680 gatis
365 2618 537 2682 filium,
589 2619 780 2667 nomine
818 2619 1182 2682 Segimundum:
1233 2619 1319 2668 sed
1357 2618 1543 2666 iuvenis
1582 2615 1878 2665 conscientia

203 2687 532 2737 cunctabatur.
587 2688 767 2753 quippe
800 2702 923 2737 anno
962 2702 1056 2753 quo
1091 2687 1374 2738 Germaniae
1417 2687 1675 2736 descivere
1715 2698 1875 2732 sacer-

203 2755 290 2803 dos
318 2757 445 2820 apud
473 2772 602 2807 aram
626 2757 858 2807 Ubiorum
887 2766 1079 2807 creatus
1107 2766 1304 2823 ruperat
1338 2757 1508 2815 vittaS‚
1546 2753 1782 2819 profugus
1819 2751 1877 2800 ad

200 2824 434 2874 rebelles.
485 2827 717 2876 adductus
747 2835 905 2876 tamen
936 2829 981 2876 in
1010 2842 1145 2892 spem
1174 2826 1459 2877 clementiae
1485 2824 1728 2873 Romanae
1763 2836 1874 2886 per-

147 2903 187 2937 io
205 2893 310 2942 tulit
336 2896 485 2958 patris
512 2897 731 2944 mandata
761 2896 1068 2961 benigneque
1098 2904 1334 2961 exceptus
1361 2910 1465 2943 cum
1494 2892 1735 2958 praesidio
1767 2889 1874 2940 Gal-
