1976 3224
556 247 730 286 mmm
749 248 841 286 xv.
868 247 991 285 CAP.
1011 248 1208 288 :zo—25.
1626 238 1728 288 293

65 386 169 440 tur,
198 376 429 436 ludicrum
457 376 675 425 circense
703 384 752 423 ut
770 374 918 423 Iuliae
943 377 1073 438 genti
1096 375 1220 438 apud
1242 375 1473 436 Bovillas,
1502 378 1563 435 ita
1588 375 1726 426 Clau·
1746 400 1786 433 10

38 441 184 507 ‘diae
202 446 536 510 Domitiaeque
572 444 697 509 apud
732 444 923 492 Antium
963 444 1201 492 ederetur.
1257 461 1378 509 quae
1409 445 1537 494 fluxa
1570 446 1726 509 fuere,

65 523 280 581 quartum
305 517 427 570 intra
459 529 673 571 mensem
711 514 934 563 defuncta
974 514 1170 562 infante.
1223 530 1486 579 rursusque
1525 524 1726 564 exortae

64 584 364 645 adulationes
393 586 687 634 censentium
717 583 949 632 honorem
974 583 1113 632 divae
1143 590 1190 631 et
1214 584 1435 648 pulvinar
1462 585 1725 649 aedemque

64 662 113 704 et
139 654 459 703 sacerdotem.
515 661 657 717 atque
696 654 804 718 ipse
830 661 878 701 ut
904 653 1139 715 laetitiae,
1175 653 1238 702 ita
1263 656 1499 702 maeroris
1530 656 1724 703 inmodi-

66 739 150 773 cus
177 724 293 786 egit.
349 723 623 773 adnotatum
649 730 747 785 est,
792 724 918 773 omni
955 729 1122 771 senatu
1146 722 1340 772 Antium
1367 723 1454 771 sub
1480 732 1725 773 recentem
1743 750 1783 781 15

63 800 249 875 partum
281 793 463 855 effuse,
492 793 755 842 Thraseam
782 792 1069 858 prohibitum
1099 793 1278 842 inmoto
1306 793 1460 842 animo
1490 809 1723 858 praenun-

62 865 173 913 tiam
207 864 484 918 inminentis
509 863 672 911 caedis
710 862 1044 911 contumeliam
1080 865 1355 926 excepisse.
1407 871 1619 912 secutam
1645 864 1723 913 de-

62 933 172 984 hinc
209 947 381 986 vocem
416 930 639 980 Caesaris
673 932 856 993 ferunt,
893 946 984 996 qua
1009 932 1370 980 reconciliatum
1396 948 1449 981 se
1481 932 1726 981 Thraseae

63 1001 188 1067 apud
223 1002 459 1051 Senecam
491 1001 769 1064 iactaverit,
815 1015 873 1049 ac
908 1001 1143 1049 Senecam
1182 1000 1379 1050 Caesari
1414 1002 1723 1064 gratulatum:

61 1071 186 1120 unde
211 1062 370 1134 gloria
394 1071 610 1135 egregiis
636 1071 753 1118 viris
779 1078 826 1119 et
852 1070 1068 1135 pericula
1095 1070 1384 1133 gliscebant.
1740 1095 1782 1127 20

168 1141 251 1202 24.
289 1139 420 1202 Inter
455 1155 578 1205 quae
603 1141 734 1188 veris
761 1141 1000 1205 principio
1027 1140 1176 1202 legati
1203 1140 1483 1197 Parthorum
1507 1142 1726 1189 mandata

61 1211 195 1274 regis
233 1210 500 1272 Vologesis
540 1209 801 1274 liter-asque
838 1210 884 1258 in
923 1209 1124 1257 eandem
1158 1210 1356 1258 formam
1397 1210 1624 1259 attulere:
1671 1226 1724 1258 se

60 1282 228 1344 priora
254 1287 300 1331 et
326 1277 503 1330 totiens
532 1281 707 1328 iactata
735 1294 883 1344 super
908 1279 1167 1342 optinenda
1187 1279 1413 1328 Armenia
1438 1295 1564 1328 nunc
1592 1282 1722 1328 omit-

59 1356 184 1411 tere,
217 1350 438 1414 quoniam
463 1347 525 1408 di,
556 1350 769 1412 quamvis
797 1349 1061 1413 potentium
1087 1349 1374 1413 populorum
1402 1349 1583 1410 arbitri,
1611 1364 1722 1414 pos-

63 1419 332 1471 sessionem
361 1417 548 1467 Parthis
584 1432 678 1465 non
717 1419 821 1466 sine
856 1418 1113 1480 ignominia
1147 1419 1360 1468 Romana
1397 1419 1718 1467 tradidissent.
1742 1438 1762 1469 5

61 1503 214 1552 nuper
241 1487 452 1536 clausum
478 1486 741 1549 Tigranen:
779 1495 890 1551 post
923 1487 1118 1536 Paetum
1153 1488 1472 1551 legionesque
1508 1503 1612 1536 cum
1639 1503 1723 1553 op-

62 1558 271 1621 primere
299 1564 484 1621 posset,
510 1556 778 1606 incolumes
804 1557 1058 1606 dImisisse.
1115 1559 1230 1606 satis
1266 1557 1576 1622 adprobatam
1600 1559 1720 1610 vim:

0 1654 1 1658 =
62 1626 219 1674 datum
246 1632 294 1674 et
328 1625 538 1674 lenitatis
565 1627 958 1689 experimentum.
1005 1642 1097 1675 nec
1130 1634 1456 1676 recusaturum
1484 1626 1724 1675 Tiridaten

62 1694 345 1760 accipiendo
365 1694 619 1745 diademati
638 1696 684 1743 in
703 1695 869 1744 urbem
889 1697 1071 1758 venire,
1093 1697 1183 1744 nisi
1203 1696 1463 1745 sacerdotii
1484 1696 1723 1759 religione

62 1765 356 1814 attineretur.
409 1765 578 1814 iturum
606 1765 664 1813 ad
701 1767 839 1829 signa
869 1772 916 1814 et
942 1766 1134 1828 effigies
1164 1767 1424 1831 principiS,
1462 1765 1542 1813 ubi
1568 1766 1721 1828 legio·
1742 1787 1782 1820 10

60 1833 200 1882 nibus
232 1848 391 1888 coram
415 1849 616 1895 regnum
640 1836 986 1899 auspicaretur.

165 1903 247 1952 25.
283 1902 477 1951 Talibus
514 1902 783 1966 Vologesis
816 1904 995 1965 literiS,
1036 1906 1146 1968 quia
1180 1903 1355 1952 Paetus
1391 1904 1582 1954 diversa
1610 1912 1725 1952 tam-

63 1988 201 2036 quam
220 1971 366 2021 rebus
390 1972 592 2034 integris
619 1973 881 2035 scribebat,
911 1975 1234 2036 interrogatus
1253 1975 1484 2035 centuri0,
1515 1975 1593 2037 qui
1620 1989 1723 2021 cum

63 2042 238 2105 legatis
272 2041 558 2104 advenerat,
598 2057 691 2106 quo
729 2043 774 2090 in
811 2050 933 2091 statu
964 2042 1191 2090 Armenia
1225 2050 1380 2106 esset,
1422 2058 1589 2091 omnes
1613 2043 1723 2091 inde

59 2110 307 2160 Romanos
343 2112 620 2159 excessisse
658 2112 923 2176 respondit.
985 2120 1081 2160 tum
1120 2112 1370 2161 intellecto
1411 2111 1724 2161 barbarorum

61 2181 227 2242 inrisu,
255 2182 332 2245 qui
360 2188 581 2245 peterent
607 2181 735 2244 quod
758 2182 1049 2246 eripuerant,
1078 2181 1314 2230 consuluit
1337 2183 1460 2230 inter
1482 2182 1720 2246 primores
1742 2195 1762 2227 5

64 2250 270 2298 civitatis
297 2249 448 2311 Nero,
472 2249 649 2297 bellum
676 2266 860 2315 anceps
885 2265 945 2299 an
966 2266 1061 2315 pax
1083 2250 1333 2300 inhonesta
1353 2251 1586 2315 placeret.
1631 2266 1724 2299 nec

62 2318 319 2367 dubitatum
358 2318 417 2367 de
453 2318 603 2367 bello.
662 2327 710 2368 et
749 2318 962 2369 Corbulo
1001 2320 1195 2368 militum
1234 2328 1374 2385 atque
1411 2320 1616 2368 hostium
1653 2328 1725 2369 tot

61 2403 152 2452 per
173 2403 323 2437 annos
350 2402 529 2450 gnarus
557 2389 804 2451 gerendae
831 2390 901 2438 rei
924 2390 1231 2453 praeficitur,
1269 2405 1328 2439 ne
1366 2391 1497 2438 cuius
1526 2390 1723 2438 alterius

62 2458 250 2507 inscitia
275 2472 461 2505 rursum
488 2467 802 2522 peccaretur,
830 2460 939 2523 quia
967 2459 1102 2508 Paeti
1131 2460 1368 2522 piguerat.
1420 2461 1563 2521 igitur
1598 2458 1724 2505 inriti

61 2527 386 2586 remittuntur,
427 2541 531 2574 cum
571 2526 706 2575 donis
741 2535 926 2589 tamen,
962 2529 1088 2576 unde
1115 2543 1230 2591 spes
1255 2529 1393 2576 fieret
1419 2543 1513 2575 non
1548 2527 1722 2575 frustra
1743 2537 1781 2568 ιο

64 2595 230 2644 eadem
256 2603 495 2644 oraturum
523 2594 792 2657 Tiridaten,
830 2598 871 2644 si
898 2612 1072 2661 preces
1095 2598 1201 2660 ipse
1228 2597 1478 2645 attulisset.
1532 2597 1720 2644 Suriae-

65 2678 158 2727 que
183 2666 434 2721 exsecutio
463 2663 518 2714 C.
542 2663 658 2727 Itio,
696 2666 867 2730 copiae
901 2666 1132 2715 militares
1162 2664 1423 2714 Corbuloni
1457 2667 1722 2729 permissae

65 2740 110 2780 et
148 2735 306 2797 quinta
343 2733 538 2783 decuma
577 2734 706 2798 legio
738 2735 940 2784 ducente
967 2735 1119 2784 Mario
1150 2733 1295 2783 Celso
1324 2751 1350 2783 e
1377 2734 1617 2783 Pannonia
1642 2732 1722 2782 ad·

63 2807 194 2853 tecta.
224 2810 312 2853 est.
377 2803 601 2852 scribitur
638 2803 896 2853 tetrarchis
943 2819 1000 2852 ac
1043 2803 1242 2866 regibus
1280 2804 1637 2867 praefectisque
1675 2810 1723 2850 et

64 2871 458 2986 procuratoribus
498 2879 545 2920 et
583 2874 660 2936 qui
697 2880 972 2936 praetorum
1012 2874 1229 2921 finitimas
1266 2874 1544 2936 provincias
1580 2887 1780 2934 rege-15

100 2946 196 2999 ant,
219 2940 359 2988 iussis
383 2939 674 2989 Corbulonis
697 2941 917 3005 obsequi,
944 2943 987 2989 in
1011 2949 1185 2991 tantum
1206 2943 1356 2990 ferme
1376 2941 1565 2990 modum
1586 2948 1723 2989 aucta
