1976 3224
255 197 355 247 122
703 207 978 245 CORNELII
1018 207 1214 246 TACITI
1246 208 1552 246 ANNALIUM

250 338 458 386 amicitia
487 336 754 385 Germanici
779 336 1057 400 perniciosa
1084 337 1296 400 utrique,
1336 335 1454 384 Silio
1481 343 1529 384 et
1555 337 1683 401 quod
1713 338 1918 399 ingentis

252 406 498 455 exercitus
526 413 712 470 septem
738 420 828 469 per
869 419 1019 453 annos
1055 405 1332 454 moderator
1370 407 1616 470 partisque
1651 406 1777 470 apud
1803 405 1897 455 Ger

251 476 452 524 maniam
481 474 844 539 triumphalibus
871 475 1196 524 Sacroviriani
1234 475 1352 524 belli
1386 477 1574 524 victor:
1613 483 1789 540 quanto
1826 490 1919 523 ma-

211 564 230 595 5
252 548 358 594 iore
383 545 511 594 mole
538 545 834 610 procideret,
861 544 969 608 plus
994 544 1260 593 formidinis
1292 546 1340 593 in
1378 545 1500 594 alios
1535 544 1920 610 dispergebatur.

252 614 514 664 credebant
549 614 769 679 plerique
799 622 984 662 auctam
1016 615 1331 663 offensionem
1358 614 1510 679 ipsius
1542 616 1920 680 intemperantia,

249 684 503 733 immodice
530 685 750 732 iactantis
780 699 912 731 suum
943 684 1136 732 militem
1166 686 1212 731 in
1239 684 1477 749 obsequio
1505 685 1784 747 duravisse,
1816 699 1922 733 cum

251 755 331 803 alii
373 754 431 802 ad
467 753 729 802 seditiones
773 753 1170 817 prolaberentur:
1213 769 1373 818 neque
1417 769 1686 803 mansurum
1725 754 1920 814 Tiberio

249 825 527 887 imperium,
565 825 604 871 si
638 824 697 871 iis
739 838 930 887 quoque
968 823 1240 886 legionibus
1278 823 1451 888 cupido
1493 824 1699 874 novandi
1735 825 1919 872 fuisset.

177 909 234 943 u10
251 893 431 942 destrui
468 909 556 957 per
592 893 716 942 haec
753 893 988 941 fortunam
1038 909 1168 941 suam
1209 891 1389 942 Caesar
1430 895 1740 959 inparemque
1790 901 1938 942 tanto,

248 965 419 1012 merito
449 962 660 1011 rebatur.
711 976 818 1010 nam
840 961 1087 1011 'beneficia
1121 977 1179 1011 eo
1207 978 1359 1027 usque
1386 963 1512 1012 laeta
1541 972 1667 1027 sunt,
1710 964 1817 1012 dum
1856 965 1921 1010 vi-

249 1032 418 1081 dentur
454 1032 644 1080 exsolvi
688 1046 862 1095 posse:
909 1030 988 1079 ubi
1022 1032 1215 1081 multum
1260 1041 1574 1096 antevenere,
1628 1048 1717 1098 pro
1764 1034 1918 1096 gratia

250 1101 409 1152 odium
437 1101 666 1150 redditur.

358 1174 438 1222 19.
473 1171 591 1220 Erat
614 1185 738 1219 uxor
765 1170 883 1219 Silio
913 1170 1053 1220 Sosia
1080 1171 1242 1235 Galla,
1284 1174 1479 1223 caritate
1514 1172 1818 1238 Agrippinae
1852 1175 1919 1221 in·

250 1243 351 1291 visa
379 1243 602 1306 principi.
654 1241 746 1290 hos
775 1241 955 1304 corripi
981 1241 1127 1291 dilato
1157 1242 1217 1291 ad
1247 1250 1433 1307 tempus
1466 1242 1644 1292 Sabino
1673 1242 1917 1308 placitum,

246 1313 566 1375 inmissusque
593 1313 750 1361 Varro
781 1310 967 1373 consul,
1000 1312 1078 1375 qui
1107 1319 1333 1376 paternas
1362 1313 1631 1361 inimicitias
1653 1312 1919 1362 obtendens

250 1381 374 1430 odiis
399 1381 559 1430 Seiani
585 1396 673 1445 per
711 1380 922 1429 dedecus
960 1396 1094 1429 suum
1129 1382 1503 1444 gratificabatur.
1563 1389 1794 1446 precante
1831 1395 1919 1432 reo

210 1463 230 1496 5
251 1452 449 1499 brevem
475 1464 683 1514 moram,
719 1450 826 1499 dum
860 1459 1114 1499 accusator
1140 1452 1389 1501 consulatu
1425 1452 1599 1515 abiret,
1638 1452 1921 1502 adversatus

249 1528 324 1570 est
346 1519 552 1569 Caesar:
576 1520 766 1569 solitum
789 1522 971 1584 quippe
991 1521 1347 1584 magistratibus
1371 1523 1494 1570 diem
1516 1522 1717 1587 privatis
1730 1521 1918 1575 dicere:

248 1605 341 1638 nec
366 1589 721 1652 infringendum
750 1590 961 1646 consulis
987 1592 1077 1654 ius,
1106 1591 1237 1638 cuius
1259 1593 1436 1655 vigiliis
1459 1593 1691 1640 niteretur
1709 1606 1770 1640 ne
1792 1591 1920 1656 quod

246 1675 327 1708 res
366 1659 559 1723 publica
596 1659 928 1724 detrimentum
968 1667 1180 1724 caperet.
1245 1664 1492 1726 proprium
1529 1660 1574 1709 id
1601 1660 1797 1710 Tiberio
1835 1662 1921 1710 fuit

248 1729 438 1777 scelera
466 1744 618 1792 nuper
644 1736 838 1793 reperta
875 1731 1047 1794 priscis
1080 1729 1243 1778 verbis
1283 1730 1535 1794 obtegere.
1597 1731 1741 1794 igitur
1775 1731 1920 1779 multa

190 1810 231 1843 10
250 1798 638 1859 adseveratione,
672 1798 808 1862 quasi
836 1805 914 1846 aut
944 1798 1137 1862 legibus
1162 1814 1267 1848 cum
1294 1800 1422 1849 Silio.
1441 1807 1668 1863 ageretur
1692 1807 1771 1848 aut
1798 1802 1918 1849 Var-

246 1882 300 1915 ro
332 1866 498 1915 consul
525 1874 603 1915 aut
622 1867 737 1915 illud
764 1882 844 1915 res
868 1867 1058 1931 publica
1082 1876 1230 1933 esset,
1261 1877 1498 1933 coguntur
1518 1877 1699 1934 patres.
1745 1870 1918 1918 silente

245 1952 348 1995 rec,
375 1936 455 1984 vel
482 1938 521 1984 si
553 1937 884 1985 defensionem
912 1945 1195 2002 coeptaret,
1231 1954 1326 1988 non
1367 1939 1640 1989 occultante
1678 1940 1811 1988 cuius
1850 1940 1919 1988 ira

246 2013 562 2070 premeretur,
593 2007 891 2055 conscientia
915 2007 1031 2055 belli
1053 2008 1280 2057 Sacrovir
1302 2009 1378 2058 diu
1399 2009 1736 2071 dissimulatuS,
1766 2011 1917 2058 victo-

243 2077 314 2124 ria
354 2090 442 2139 per
480 2077 726 2124 avaritiam
759 2076 952 2135 foedata
989 2085 1036 2125 et
1071 2093 1195 2127 uxor
1230 2079 1369 2128 Sosia
1416 2079 1753 2142 arguebantur.
1827 2093 1918 2127 nec

186 2166 227 2197 15
246 2144 386 2192 dubie
414 2145 786 2208 repetundarum
815 2145 1088 2195 criminibus
1115 2147 1406 2211 haerebant,
1448 2149 1533 2196 sed
1575 2155 1746 2201 cuncta
1775 2162 1917 2212 quae-

245 2215 401 2262 stione
429 2216 692 2263 maiestatis
718 2217 950 2278 exercita,
981 2223 1028 2263 et
1054 2217 1198 2265 Silius
1225 2219 1541 2266 imminentem
1570 2217 1918 2266 damnationem

244 2283 517 2331 voluntario
551 2285 644 2332 fine
673 2286 952 2348 praevertit.

350 2353 432 2401 20.
474 2353 715 2401 Saevitum
743 2361 900 2402 tamen
939 2355 986 2402 in
1012 2353 1164 2417 bona,
1202 2371 1296 2403 non
1331 2363 1379 2403 ut
1415 2356 1737 2419 stipendiariis
1771 2372 1915 2421 pecu-

242 2422 349 2468 niae
385 2421 733 2484 redderentur,
775 2438 978 2487 quorum
1008 2438 1147 2471 nemo
1192 2424 1470 2488 repetebat,
1516 2425 1600 2473 sed
1649 2426 1917 2475 liberalitas

242 2489 449 2552 Augusti
480 2491 664 2553 avulsa,
700 2494 971 2555 conputatis
999 2493 1277 2555 singillatim
1305 2509 1426 2558 quae
1454 2495 1572 2543 fisco
1612 2495 1914 2559 petebantur.

243 2574 301 2608 ea
347 2561 497 2622 prima
542 2559 737 2609 Tiberio
793 2576 911 2623 erga
961 2563 1212 2625 pecuniam
1268 2562 1469 2612 alienam
1518 2563 1760 2627 diligentia
1814 2565 1913 2612 fuit.

180 2640 219 2671 »5
243 2628 386 2677 Sosia
423 2629 470 2676 in
514 2629 706 2678 exilium
743 2630 934 2694 pellitur
969 2630 1123 2680 Asinii
1163 2631 1287 2681 Galli
1326 2635 1588 2695 sententia,
1627 2635 1706 2697 qui
1732 2642 1915 2698 partem

242 2697 476 2746 bonorum
506 2698 868 2762 publicandam,
910 2715 1021 2764 pars
1047 2708 1096 2748 ut
1126 2701 1291 2750 liberis
1319 2703 1672 2766 relinqueretur
1714 2717 1912 2751 censue-

241 2774 328 2815 rat.
392 2775 560 2816 contra
610 2769 688 2817 M'.
735 2769 942 2833 Lepidus
989 2779 1204 2834 quartam
1248 2771 1611 2820 accusatoribus
1656 2773 1913 2821 secundum

239 2837 643 2885 necessitudinem
667 2838 810 2901 legis,
842 2848 1005 2888 cetera
1033 2840 1196 2889 liberis
1227 2843 1483 2889 concessit.
1539 2841 1662 2888 hunc
1696 2857 1791 2904 ego
1827 2842 1912 2890 Le-

240 2903 397 2968 pidum
431 2906 728 2969 temporibus
775 2907 870 2955 illis
914 2924 1111 2970 gravem
1161 2917 1208 2956 et
1253 2911 1518 2973 sapientem
1568 2911 1717 2959 virum
1763 2911 1912 2959 fuisse
