1976 3224
598 176 772 213 LIBER
801 176 885 213 111.
929 175 1052 214 CAP.
1082 174 1283 218 72—76.
1684 169 1777 217 111

114 317 325 366 ponens,
362 302 457 350 dux
498 305 603 366 ipse
642 310 740 352 arta
779 312 825 352 et
878 305 1062 352 infensa
1104 304 1320 353 hostibus
1366 313 1530 353 cuncta
1575 305 1779 369 fecerat,

114 372 250 435 quia,
283 386 475 435 quoquo
510 371 815 435 inclinarent,
862 389 972 436 pars
1009 373 1167 436 aliqua
1204 374 1365 421 militis
1392 374 1594 425 Romani
1620 377 1668 422 in
1694 389 1780 424 ore

111 441 159 487 in
184 440 335 488 latere
362 448 409 489 et
429 456 578 504 saepe
605 456 630 490 a
656 449 796 504 tergo
825 450 950 498 erat;
986 442 1215 506 multique
1251 457 1312 490 eo
1351 443 1492 492 modo
1527 447 1657 493 caesi
1699 453 1778 493 aut
1799 459 1839 493 10

115 511 441 558 circumventi.
517 518 630 558 tunc
684 513 970 576 tripertitum
1018 514 1282 559 exercitum
1329 513 1479 576 pluris
1523 516 1569 561 in
1616 514 1780 563 manus

114 579 350 642 dispergit
386 580 736 644 praeponitque
774 582 1079 629 centuriones
1123 582 1308 630 virtutis
1361 591 1610 647 expertae.
1671 599 1778 646 nec,

114 655 161 696 ut
185 662 290 696 mos
315 648 487 710 fuerat,
517 657 622 698 acta
650 657 832 698 aestate
859 650 1059 698 retrahit
1085 652 1254 717 copias
1281 658 1359 699 aut
1390 653 1435 699 in
1455 652 1780 700 hibernaculis

113 718 293 765 veteris
319 719 596 781 provinciae
625 721 888 782 componit,
915 719 1000 767 sed
1030 727 1077 767 ut
1104 720 1150 766 in
1178 720 1338 768 limine
1375 721 1491 769 belli
1527 722 1778 785 dispositis
1818 721 1821 729 '

114 786 326 834 castellis
355 802 443 850 per
471 788 725 851 expeditos
750 796 796 836 et
837 788 1138 836 solitudinum
1174 804 1353 851 gnaros
1388 798 1643 838 mutantem
1681 806 1776 840 ma·
1798 804 1838 836 15

113 855 237 919 palia
265 854 613 905 Tacfarinatem
642 857 982 921 proturbabat,
1015 858 1170 906 donec
1195 858 1344 907 fratre
1381 863 1483 908 eius
1525 868 1667 924 capto
1702 876 1778 909 re·

111 939 310 988 gressus
336 932 423 987 est,
460 928 795 991 properantius
821 935 979 975 tamen
1008 942 1145 991 quam
1183 942 1245 974 ex
1280 929 1480 977 utilitate
1518 931 1776 992 sociorum,

110 994 293 1043 relictis
320 1010 409 1058 per
437 1010 560 1059 quos
595 1004 877 1058 resurgeret
915 996 1110 1045 bellum.
1170 996 1254 1044 sed
1280 996 1501 1046 Tiberius
1539 1014 1627 1062 pro
1666 1014 1777 1048 con-

110 1065 241 1112 fecto
286 1065 626 1129 interpretatus
660 1065 706 1113 id
745 1081 935 1130 quoque
974 1065 1150 1114 Blaeso
1189 1065 1353 1114 tri'buit
1387 1075 1437 1116 ut
1461 1069 1723 1132 imperator
1751 1084 1777 1117 a

111 1132 385 1196 legionibus
424 1133 710 1184 salutaretur
750 1137 914 1199 prisco
952 1151 1069 1198 erga
1106 1135 1253 1183 duces
1293 1136 1504 1200 honore,
1548 1139 1627 1201 qui
1649 1137 1774 1186 bene
1794 1145 1837 1178 2⁰

111 1209 251 1265 gesta
280 1218 333 1251 re
363 1202 553 1267 publica
579 1204 756 1267 gaudio
784 1212 831 1253 et
857 1206 1036 1268 impetu
1062 1206 1260 1253 victoris
1302 1208 1545 1255 exercitus
1583 1207 1777 1257 concla-

110 1272 381 1328 mabantur;
411 1281 642 1337 erantque
671 1273 835 1338 plures
866 1274 1001 1323 simul
1028 1277 1349 1339 imperatores
1388 1291 1480 1324 nec
1515 1291 1663 1340 super
1699 1293 1777 1325 ce-

111 1348 321 1390 terorum
359 1342 710 1406 aequalitatem.
770 1345 1012 1397 concessit
1049 1342 1327 1407 quibusdam
1368 1352 1416 1393 et
1451 1346 1697 1409 Augustus
1732 1345 1779 1394 id

111 1409 413 1473 vocabulum,
441 1426 499 1460 ac
528 1419 640 1460 tunc
665 1412 888 1462 Tiberius
915 1413 1090 1462 Blaeso
1119 1421 1429 1477 postremum.

219 1480 300 1528 75.
343 1479 519 1531 Obiere
545 1496 604 1530 eo
636 1497 760 1546 anno
789 1484 877 1531 viri
913 1483 1139 1536 inlustres
1165 1482 1362 1531 Asinius
1394 1484 1676 1544 SaloninuS,
1714 1485 1778 1533 M.

109 1550 333 1613 Agrippa
360 1557 408 1598 et
433 1549 656 1600 Pollione
677 1551 846 1601 Asinio
882 1553 1015 1614 aviS,
1051 1552 1201 1600 fratre
1236 1551 1393 1601 Druso
1431 1555 1632 1616 insignis
1660 1552 1779 1602 Cae-

111 1619 299 1683 sarique
330 1633 574 1684 progener
601 1621 888 1684 destinatus,
928 1629 975 1670 et
1012 1620 1184 1685 Capito
1222 1621 1418 1683 Ateius,
1455 1623 1514 1671 de
1552 1638 1645 1687 quo
1683 1639 1779 1671 me—

108 1688 304 1750 moravi,
338 1690 602 1754 principem
628 1693 675 1739 in
703 1692 894 1739 civitate
922 1692 1082 1740 locum
1112 1691 1280 1739 studiis
1322 1692 1543 1741 civilibus
1579 1693 1777 1741 adsecu-

109 1765 212 1818 tuS,
249 1757 335 1805 sed
362 1773 452 1806 avo
480 1762 761 1808 centurione
789 1761 1011 1823 SullanO,
1053 1768 1189 1824 patre
1227 1763 1491 1824 praetorio.
1557 1763 1774 1810 consula·
1796 1769 1816 1800 5

21 1845 26 1850 ·
110 1834 205 1874 tum
238 1827 281 1873 ei
305 1827 669 1877 adceleraverat
695 1830 960 1892 Augustus,
988 1837 1035 1878 ut
1059 1829 1332 1878 Labeonem
1353 1830 1608 1879 Antistium
1628 1832 1779 1880 isdem

111 1893 289 1943 artibus
326 1897 700 1959 praecellentem
738 1899 1011 1961 dignatione
1061 1901 1162 1947 eius
1204 1901 1512 1962 magistratus
1556 1902 1775 1949 anteiret.

110 1979 310 2028 namque
346 1964 427 2012 illa
462 1973 593 2015 aetas
629 1967 722 2015 duo
756 1969 893 2031 pacis
928 1969 1104 2016 decora
1141 1968 1277 2017 simul
1315 1969 1443 2017 tulit:
1491 1970 1577 2018 sed
1614 1970 1775 2019 Labeo

110 2036 386 2096 incorrupta
414 2034 662 2098 libertate,
690 2044 736 2084 et
766 2036 828 2083 ob
862 2037 906 2084 id
934 2038 1057 2085 fama
1084 2037 1392 2100 celebratior,
1424 2038 1671 2103 Capitonis
1693 2039 1775 2087 ob-

89 2104 328 2166 sequium
356 2102 703 2153 dominantibus
730 2109 883 2168 magis
916 2106 1228 2170 probabatur.
1288 2107 1383 2170 illi,
1421 2108 1549 2172 quod
1586 2116 1834 2171 praem-1⁰

109 2187 208 2219 ram
229 2174 349 2220 intra
378 2174 523 2235 stetit,
550 2175 898 2236 commendatio
928 2191 989 2223 ex
1015 2177 1210 2238 iniuria,
1237 2176 1371 2240 huic,
1402 2177 1530 2241 quod
1560 2178 1777 2234 consula-

111 2249 204 2288 tum
232 2241 433 2304 adeptus
461 2250 548 2305 est,
577 2243 734 2292 odium
761 2260 823 2293 ex
848 2245 1021 2294 invidia
1049 2245 1307 2294 oriebatur.

217 2310 298 2359 76.
341 2311 403 2360 Et
445 2311 579 2362 Iunia
631 2316 969 2377 sexagensimo
1024 2322 1193 2379 quarto
1253 2323 1365 2378 post
1418 2316 1777 2380 Philippensem

112 2380 263 2427 aciem
302 2395 424 2428 anno
464 2397 733 2446 supremum
765 2384 887 2432 diem
921 2385 1166 2448 explevit,
1202 2382 1385 2433 Catone
1416 2385 1653 2434 avunculo
1690 2401 1775 2447 ge-

109 2450 224 2510 nita,
254 2447 307 2498 C.
337 2449 492 2499 Cassii
517 2466 655 2515 uxor,
682 2452 745 2501 Μ.
772 2453 904 2501 Bruti
929 2468 1088 2502 soror.
1143 2461 1475 2502 testamentum
1505 2456 1607 2502 eius
1628 2454 1774 2502 multo

111 2518 237 2581 apud
266 2519 462 2582 vulgum
487 2535 678 2569 rumore
706 2522 809 2584 fuit,
838 2525 946 2587 quia
977 2526 1023 2571 in
1054 2526 1238 2585 magnis
1265 2522 1466 2587 opibus,
1498 2539 1601 2570 cum
1623 2523 1774 2571 ferme

113 2595 309 2638 cunctos
338 2603 574 2652 proceres
609 2606 713 2639 cum
748 2591 932 2641 honore
959 2593 1328 2652 nominavisset,
1363 2591 1620 2641 Caesarem
1657 2593 1769 2640 omi·
1792 2602 1813 2633 ⁵

111 2657 186 2704 sit.
249 2659 375 2722 quod
415 2660 618 2708 civ‘iliter
654 2669 933 2724 acceptum,
991 2675 1147 2723 neque
1203 2660 1445 2723 prohibuit
1486 2675 1580 2723 quo
1624 2663 1774 2709 minus

110 2724 380 2781 laudatione
410 2742 496 2789 pro
527 2731 698 2776 rostris
727 2731 999 2792 ceterisque
1037 2729 1346 2776 sollemnibus
1383 2729 1523 2777 funus
1563 2729 1771 2781 cohone-

113 2801 330 2845 staretur.
389 2798 558 2860 viginti
589 2798 957 2847 clarissimarum
982 2798 1264 2846 familiarum
1286 2799 1516 2860 imagines
1539 2799 1772 2847 antelatae

111 2871 240 2927 sunt,
279 2865 469 2932 Manlii,
510 2867 717 2928 Quinctii
755 2867 941 2932 aliaque
986 2866 1200 2915 riusdem
1252 2866 1514 2916 nobilitatis
1565 2869 1769 2917 nomina.
