1976 3224
259 227 357 276 150
754 237 1029 275 CORNELII
1056 237 1251 275 uem-1
1277 239 1580 277 ANNALIUM

215 382 239 414 5,
253 365 504 415 admodum
528 364 742 427 receptis
764 372 810 412 et
838 365 997 413 addito
1020 381 1079 412 ne
1103 365 1328 413 caelestis
1349 366 1526 429 religio
1549 366 1916 421 decerneretur:

252 438 324 484 sic
354 435 508 499 ipsam
535 433 776 482 maluisse.
828 435 938 498 quin
959 443 1006 483 et
1028 442 1163 499 parte
1193 435 1403 483 eiusdem
1426 436 1661 500 epistulae
1683 436 1920 500 increpuit

252 506 482 554 amicitias
520 502 804 566 muliebres,
842 503 1023 552 Fufium
1062 504 1308 552 consulem
1339 505 1536 569 oblique
1573 506 1917 570 perstringens.

252 577 293 624 is
319 575 473 637 gratia
490 572 741 635 Augustae
766 573 1016 635 floruerat,
1043 582 1182 637 aptus
1210 574 1493 623 adliciendis
1518 575 1795 623 feminarum
1823 575 1917 622 ani-

251 646 369 707 mis,
410 642 698 705 dicax-idem
726 650 774 691 et
800 643 1043 692 Tiberium
1068 642 1259 691 acerbis
1284 644 1472 693 facetiis
1496 644 1704 692 inridere
1731 643 1916 706 solitus,

196 733 237 767 ιο
255 729 452 779 quarum
479 712 603 777 apud
631 720 976 776 praepotentes
1003 714 1050 760 in
1075 712 1270 775 longum
1295 714 1524 762 memoria
1552 721 1640 762 est.

354 783 401 832 3.
441 781 666 831 Ceterum
697 797 760 830 ex
789 797 849 830 eo
880 789 1138 847 praerupta
1178 782 1268 830 iam
1304 790 1352 830 et
1387 798 1599 846 urguens
1634 782 1916 834 dominatio:

250 869 357 902 nam
393 851 618 901 incolumi
655 851 874 914 Augusta
911 859 1014 899 erat
1049 851 1203 900 adhuc
1243 852 1537 916 perfugium,
1579 853 1688 916 quia
1723 850 1918 899 Tiberio

250 924 567 971 inveteratum
605 935 724 984 erga
761 929 958 970 matrem
994 920 1300 984 obsequium,
1340 937 1499 986 neque
1537 922 1738 970 Seianus
1776 919 1917 968 aude-

251 993 332 1041 bat
357 992 625 1040 auctoritati
653 993 866 1055 parentis
893 991 1071 1039 antire:
1103 998 1213 1038 tunc
1240 990 1370 1040 velut
1394 991 1546 1039 frenis
1573 990 1779 1039 exsoluti
1807 1003 1916 1054 pro-

215 1083 235 1115 5
252 1068 500 1125 ruperunt,
526 1060 798 1124 missaeque
830 1061 875 1107 in
896 1060 1214 1125 Agrippinam
1240 1075 1297 1109 ac
1317 1060 1560 1109 Neronem
1581 1060 1769 1123 literae,
1801 1073 1920 1122 quas

253 1130 437 1197 pridem
463 1130 645 1178 adlatas
672 1136 720 1177 et
751 1129 986 1178 cohibitas
1014 1129 1072 1178 ab
1094 1129 1314 1192 Augusta
1342 1129 1544 1179 credidit
1568 1129 1767 1192 vulgus3
1796 1127 1920 1176 haud

252 1203 376 1250 enim
409 1199 555 1247 multo
595 1207 706 1264 post
741 1206 942 1247 mortem
978 1201 1080 1247 eius
1116 1201 1348 1259 recitatae
1383 1207 1507 1248 sunt.
1561 1198 1710 1248 verba
1735 1199 1920 1246 inerant

253 1270 470 1335 quaesita
495 1270 784 1333 asperitate:
825 1268 912 1317 sed
939 1283 1036 1317 non
1062 1275 1215 1331 ar'ma,
1253 1282 1348 1316 non
1375 1284 1534 1317 rerum
1565 1282 1794 1318 novarum
1824 1274 1918 1314 stu-

252 1341 392 1404 dium,
422 1353 612 1393 amores
646 1341 868 1387 iuvenum
899 1346 945 1387 et
972 1339 1496 1404 inpudicitiamnepoti
1531 1336 1820 1388 obiectabat.
1874 1337 1920 1383 in

197 1431 235 1464 10
251 1425 417 1458 nurum
455 1424 515 1456 ne
553 1407 600 1456 id
639 1409 828 1473 quidem
856 1409 1135 1472 confingere
1172 1424 1342 1471 ausuS,
1383 1408 1712 1472 adrogantiam
1742 1407 1840 1455 oris
1872 1413 1920 1453 et

252 1487 583 1528 contumacem
609 1480 810 1527 animum
836 1479 1093 1540 incusavit,
1122 1493 1295 1541 magno
1323 1485 1517 1527 senatus
1546 1492 1730 1542 pavore
1760 1490 1818 1524 ac
1857 1477 1918 1523 si·

251 1550 428 1610 lentie,
468 1548 624 1596 donec
652 1549 820 1614 pauci,
860 1548 966 1612 quis
997 1547 1125 1595 nulla
1153 1563 1213 1594 ex
1240 1547 1444 1596 honesto
1481 1563 1597 1612 spes
1625 1549 1700 1611 (et
1725 1544 1918 1609 publica

249 1619 372 1668 mala
398 1617 602 1681 singulis
627 1619 674 1666 in
700 1619 1011 1667 occasionem
1038 1618 1224 1679 gratiae
1250 1616 1543 1680 trahuntur),
1580 1623 1629 1664 ut
1653 1615 1919 1663 referretur

251 1687 588 1753 postulavere,
630 1688 990 1751 promptissimo
1025 1685 1164 1735 Cotta
1189 1686 1451 1735 Messalino
1492 1701 1595 1734 cum
1623 1685 1774 1733 atroci
1810 1693 1917 1731 sen·

198 1775 238 1808 15
254 1758 418 1807 tentia.
468 1756 555 1804 sed
585 1756 691 1805 aliis
735 1773 761 1806 a
801 1755 1090 1820 primoribus
1139 1757 1441 1819 maximeque
1490 1770 1517 1804 a
1561 1752 1918 1817 magistratibus

251 1826 605 1891 trepidabatur:
660 1827 839 1891 quippe
877 1825 1098 1874 Tiberius
1134 1826 1224 1873 etsi
1274 1825 1464 1873 infense
1499 1826 1717 1872 invectus
1755 1829 1918 1872 cetera

252 1896 473 1960 ambigua
501 1896 780 1960 reliquerat.

357 1968 407 2016 4.
443 1965 551 2014 Fuit
590 1968 634 2013 in
671 1973 841 2014 senatu
875 1965 1034 2014 Iunius
1073 1965 1324 2026 RusticuS,
1365 1958 1697 2029 conponendis
1735 1969 1918 2027 patrum

253 2038 372 2085 actis
408 2035 626 2084 delectus
652 2051 678 2084 a
715 2033 956 2097 Caesare,
999 2049 1160 2098 eoque
1190 2034 1524 2083 meditationes
1557 2035 1658 2082 eius
1696 2031 1918 2095 introspi-

254 2121 368 2154 cere
394 2105 621 2154 credituS.
677 2106 716 2154 is
746 2104 878 2154 fatali
912 2103 1116 2168 quodam
1140 2111 1270 2153 motu>
1299 2104 1483 2168 (neque
1509 2104 1632 2151 enim
1669 2109 1777 2150 ante
1810 2116 1917 2164 spe-

255 2176 410 2224 cimen
447 2175 748 2223 constantiae
783 2173 1010 2237 dederat)
1050 2189 1134 2222 seu
1171 2188 1319 2238 prava
1353 2172 1598 2234 sollertia,
1638 2171 1744 2219 dum
1773 2171 1917 2218 immi-

212 2247 458 2297 5nentium
497 2244 674 2293 oblitus
711 2245 893 2293 incerta
936 2251 1106 2307 pavet,
1155 2245 1373 2291 inserere
1410 2258 1464 2290 se
1509 2240 1829 2290 dubitantibus
1863 2253 1920 2287 ac

250 2328 448 2361 monere
502 2313 727 2362 consules
774 2329 833 2361 ne
879 2313 1162 2362 relationem
1212 2314 1504 2376 inciperent:
1554 2309 1919 2372 disserebatque

251 2382 481 2432 brevibus
507 2384 757 2430 momentis
783 2397 962 2430 summa
989 2383 1137 2438 verti;
1165 2396 1315 2446 posse
1343 2380 1631 2444 quandoque
1650 2378 1918 2428 Germanici

253 2452 434 2502 domus
462 2452 653 2500 exitium
684 2453 1006 2515 paenitentiae
1028 2465 1142 2499 esse
1166 2452 1287 2499 seni.
1336 2450 1471 2498 simul
1496 2449 1702 2514 populus
1726 2448 1918 2509 efligies

254 2523 554 2586 Agrippinae
583 2536 640 2570 ac
666 2519 876 2568 Neronis
904 2536 1083 2583 gerens
1113 2520 1421 2568 circumsistit
1447 2521 1623 2568 curiam
1652 2517 1918 2580 faustisque

196 2595 299 2644 10in
323 2590 581 2641 Caesarem
604 2590 837 2639 ominibus
863 2590 1191 2639 falsasliteras
1219 2598 1266 2638 et
1298 2591 1515 2653 principe
1544 2588 1690 2637 invito
1721 2586 1916 2635 exitium

253 2662 410 2710 domui
437 2661 539 2709 eius
566 2660 742 2709 intendi
768 2660 990 2709 clamitat.
1042 2660 1105 2708 ita
1132 2659 1245 2707 nihil
1280 2660 1414 2707 triste
1451 2659 1533 2707 illo
1561 2657 1637 2706 die
1666 2663 1915 2720 patratum.
1975 2700 1976 2710 ἶ

251 2725 530 2780 fereBantur
557 2732 697 2778 etiam
723 2730 810 2778 sub
838 2729 1106 2777 nominibus
1130 2728 1447 2777 consularium
1469 2727 1609 2775 lictae
1631 2727 1676 2773 in
1694 2725 1914 2774 Seianum
1974 2739 1976 2780 2

254 2803 548 2863 sententiae,
590 2795 929 2848 exercentibus
978 2799 1223 2862 plerisque
1268 2812 1356 2861 per
1403 2796 1642 2845 occultum
1675 2802 1819 2857 atque
1856 2805 1914 2841 eo
1972 2789 1976 2826 ³

255 2870 512 2932 procacius
556 2869 800 2932 libidinem
835 2869 1150 2930 ingeniorum.
1201 2866 1326 2914 unde
1361 2865 1430 2913 illi
1468 2865 1537 2912 ira
1572 2863 1832 2913 violentior
1869 2868 1916 2909 et

196 2947 236 2980 1⁵
253 2939 477 2986 materies
522 2937 825 2986 criminandi:
863 2945 1075 3000 spretum
1117 2935 1334 2984 dolorem
1370 2934 1605 2998 principis
1636 2932 1694 2982 ab
1729 2938 1913 2992 senatu,
