1950 3210
548 204 1004 243 COMMENTARIUS
1045 204 1323 243 CRITICUS.
1687 205 1788 243 XLI

221 332 315 395 48,
352 342 380 384 2
416 342 462 382 et
500 336 634 396 plebs
660 338 731 382 vel
762 337 989 395 plebsque
1015 337 1078 380 al.
1119 330 1128 399 Ι
1173 341 1202 384 4
1227 350 1284 381 ne
1315 337 1502 382 caedem
1532 337 1600 382 N.-
1626 350 1787 382 necem

83 403 167 467 (ne
197 421 357 452 necem
389 405 498 466 Wr)
1155 428 1161 433 1

224 486 316 545 49,
349 495 370 535 1
400 487 795 546 uulgatissimum,
817 500 900 531 em.
914 487 988 532 He
1007 488 1106 532 coll.
1126 492 1207 544 16,
1224 491 1279 532 22
1313 480 1320 549 Ι
1352 491 1379 533 2
1399 488 1589 533 ciuitate
1623 482 1630 551 Ι
1662 493 1687 537 7
1709 502 1789 534 res

83 558 187 603 add.
212 558 251 601 L
282 552 289 620 Ι
324 557 614 602 continentur
632 591 646 613 ,
673 569 753 602 em.
779 556 884 608 Hm,
912 557 1173 602 continetur
1200 555 1239 600 L
1272 550 1279 619 Ι
1311 561 1339 604 8
1369 557 1566 602 suadere
1604 557 1786 604 dissua-

88 628 259 672 dereue
275 660 289 683 ,
314 638 398 671 em.
425 626 464 670 L

208 702 315 763 50,
337 713 360 754 1
383 706 700 763 flagitionibus
721 707 997 754 inmodestia
1030 707 1037 771 Ι
1070 707 1454 756 3remittiPmal.
1488 701 1497 772 Ι
1530 708 1788 756 5seni0res

82 776 121 821 L
161 770 171 840 Ι
212 781 239 825 9
268 781 359 820 tum
392 775 553 834 populi
590 776 715 820 Rom.
756 776 814 820 U.-
862 791 904 834 p.
941 774 995 822 R.
1030 783 1120 822 tum
1165 771 1170 840 Ι
1215 783 1267 824 11
1305 784 1566 834 congruere
1610 782 1786 837 tempe-

83 846 277 902 randas,
314 857 400 889 em.
420 844 539 901 Hm,
578 850 892 902 congruerent
918 851 1054 905 temp.
1083 848 1143 891 al.
1174 852 1215 890 ec
1238 847 1339 890 edd.

225 924 318 983 51,
360 933 381 972 1
408 924 608 984 publicis
642 918 650 990 Ι
692 930 719 974 6
747 926 794 971 in
820 926 893 972 his
928 928 933 984 Ι
966 933 995 977 8
1023 927 1535 987 quadringentesimae,
1564 939 1645 973 em.
1675 926 1751 972 Pu
1776 921 1785 989 Ι

84 1000 110 1044 9
136 995 517 1052 exauctionibus,
543 1007 626 1039 em.
653 994 698 1039 R
729 989 741 1059 Ι
771 1002 822 1044 11
851 998 1130 1042 tributumve
1167 997 1332 1041 Wurm

197 1072 318 1132 52,
354 1081 380 1122 2
406 1076 666 1121 habuerunt
696 1077 971 1135 supplicium
999 1078 1270 1122 camelinum
1314 1072 1320 1139 Ι
1362 1082 1389 1126 6
1427 1078 1580 1120 malim
1619 1090 1789 1135 posce-

83 1146 284 1204 hautque

222 1223 317 1285 53,
354 1231 381 1273 2
416 1227 707 1286 peruulgati,
735 1228 910 1272 em.ch
955 1226 961 1284 Ι
1000 1233 1028 1275 4
1055 1242 1143 1273 nec
1167 1233 1316 1273 tamen
1358 1222 1366 1290 Ι
1416 1231 1441 1275 7
1467 1227 1650 1272 Ararim
1678 1228 1787 1274 add.

83 1297 158 1341 Pu
190 1292 197 1359 Ι
232 1302 286 1344 14
310 1297 356 1341 in
383 1297 654 1355 studIaque‚
682 1309 764 1342 em.
789 1297 834 1341 R

225 1376 319 1435 54,
356 1385 382 1425 5
410 1379 606 1435 malorie
635 1379 740 1437 quia
785 1377 792 1437 Ι
835 1383 861 1426 9
885 1378 1022 1423 Frisii
1043 1379 1126 1423 del.
1152 1379 1193 1423 A
1233 1372 1242 1442 Ι
1285 1384 1341 1426 10
1373 1377 1660 1435 mallorigem
1690 1372 1697 1440 Ι
1734 1385 1786 1425 11

84 1447 376 1506 profecitque
417 1443 425 1509 Ι
479 1453 535 1496 18
569 1445 766 1508 legatis]
807 1449 990 1505 legum,
1025 1449 1108 1492 sed
1139 1462 1211 1493 um
1243 1449 1291 1492 in
1322 1459 1499 1492 rasura
1533 1446 1538 1505 Ι
1581 1452 1635 1495 21
1667 1448 1790 1492 inter

85 1521 240 1574 partes
273 1510 280 1580 Ι
312 1521 368 1563 22
387 1517 694 1563 aemulatione
715 1530 857 1574 nero,
883 1529 965 1562 em.
982 1517 1026 1561 R
1709 1531 1713 1535 ·

225 1594 319 1655 55,
355 1602 384 1645 4
406 1598 479 1643 his
513 1594 519 1659 Ι
554 1605 579 1646 5
605 1598 818 1644 boicalus
851 1596 857 1654 Ι
891 1602 918 1645 6
949 1603 994 1642 et
1020 1612 1107 1643 om.
1142 1594 1148 1661 Ι
1181 1602 1206 1647 7
1235 1603 1281 1643 et
1308 1610 1395 1643 om.
1422 1599 1509 1654 aL,
1543 1596 1674 1641 haud
1695 1599 1793 1642 scio

85 1680 146 1712 an
165 1672 288 1712 recte
298 1685 314 1718 ;
332 1672 482 1725 potest
504 1669 620 1712 enim
643 1673 689 1712 et
709 1672 814 1712 ante
835 1666 1104 1713 Germanico
1126 1671 1338 1713 omissum
1356 1669 1404 1712 in
1427 1681 1577 1725 mary.
1602 1668 1788 1724 supple-

84 1741 178 1780 tum
206 1741 249 1781 et
283 1738 430 1783 alieno
465 1738 560 1782 loco
594 1738 641 1781 in
675 1737 916 1781 verborum
950 1742 1208 1783 contextum
1244 1737 1435 1782 inlatum
1458 1747 1569 1781 esse.
1606 1729 1614 1798 Ι
1643 1740 1672 1783 8
1698 1748 1789 1793 quo

86 1809 254 1851 tantam
281 1806 321 1852 L
358 1811 401 1851 el
429 1808 591 1851 ilerum
624 1807 720 1851 Bz:
760 1811 944 1864 quotam
983 1803 1222 1866 (quantam
1256 1804 1342 1868 Ri)
1398 1800 1406 1868 Ι
1458 1812 1514 1854 10
1548 1809 1788 1863 receptos,

87 1886 169 1919 em.
194 1875 242 1919 F
266 1873 273 1936 Ι
306 1882 357 1924 11
387 1876 550 1921 famem
574 1875 635 1920 L.-
670 1876 831 1921 famam
865 1873 872 1935 Ι
906 1881 961 1923 13
987 1876 1252 1934 Usipiorum
1279 1878 1341 1920 αῖ.
1385 1875 1392 1934 Ι
1436 1882 1490 1923 15
1525 1874 1789 1933 suspiciens

87 1943 163 1988 H.-
199 1943 463 2002 despiciens
507 1940 514 2006 Ι
556 1950 610 1992 16
646 1945 874 2001 uelletne,
919 1945 1039 2001 quod
1080 1945 1166 1990 Wr
1195 1950 1368 2002 luetur,
1403 1948 1453 1989 ut
1491 1945 1549 1988 sit
1585 1944 1655 1988 sol
1681 1942 1787 1987 sub·

87 2014 248 2057 ieclum
279 2006 287 2075 Ι
321 2015 374 2060 17
401 2013 766 2071 superfundere,
796 2025 881 2057 em.
908 2013 984 2058 Pu

229 2089 322 2152 56,
352 2101 377 2143 1
407 2099 477 2139 et:
509 2093 625 2152 fort.
647 2094 734 2146 ait;
762 2108 849 2139 nec
878 2094 1039 2139 Wurm
1062 2096 1110 2138 in
1134 2093 1298 2139 Philoz.
1321 2093 1412 2150 IX,
1439 2098 1494 2142 99
1526 2087 1534 2156 Ι
1565 2092 1748 2138 habitus
1778 2085 1785 2155 Ι

90 2163 281 2222 imperia
310 2164 396 2215 ait;
428 2163 475 2208 id
499 2163 538 2208 L
570 2159 576 2206 1
611 2169 637 2209 2
667 2163 738 2207 id:
777 2164 839 2209 ita
877 2163 1037 2209 Wurm
1064 2164 1164 2208 coll.
1201 2166 1256 2220 3,
1294 2165 1354 2208 69
1378 2167 1420 2206 et
1446 2165 1524 2214 13,
1559 2165 1645 2212 17,·
1681 2161 1787 2205 add.

92 2237 173 2289 12,
215 2237 295 2281 20:
335 2233 398 2278 ita
445 2233 697 2278 maioribus
730 2233 948 2291 placitum
989 2230 996 2294 Ι
1038 2237 1064 2282 7
1096 2237 1221 2277 terra
1257 2232 1303 2276 in
1337 2232 1481 2278 vitam
1516 2231 1614 2276 JG:
1665 2226 1790 2275 terra

92 2302 240 2347 uiuam
269 2300 419 2362 (terra
457 2301 536 2347 ubi
562 2302 768 2347 vivamus
799 2298 868 2363 D)
910 2295 918 2365 Ι
963 2307 1017 2349 12
1042 2302 1314 2347 Tencterum
1341 2302 1407 2346 B.-
1443 2306 1648 2346 tenerum
1683 2300 1689 2358 Ι
1736 2304 1793 2348 13

94 2372 420 2428 asistentibus,
447 2383 533 2416 em.
558 2371 602 2415 R
642 2364 652 2433 Ι
694 2377 747 2418 15
776 2371 1098 2433 deserentibus
1129 2371 1173 2415 R
1210 2364 1217 2436 Ι
1248 2367 1434 2429 usip‘sos
1458 2367 1671 2429 (Usipios
1700 2366 1788 2428 al.)

95 2435 104 2503 Ι
137 2443 188 2489 17
215 2446 373 2486 etrore
407 2434 414 2503 Ι
450 2445 503 2489 18
533 2441 578 2484 in
606 2440 698 2486 alio
731 2435 739 2502 Ι
773 2445 905 2486 erant
931 2441 1155 2485 ceduntur

231 2529 324 2590 57,
350 2539 379 2582 3
397 2533 618 2590 libidine,
638 2545 722 2578 em.
740 2533 783 2577 R
817 2527 826 2598 Ι
858 2539 884 2582 6
905 2534 1047 2578 salem
1066 2534 1150 2577 al„-
1177 2533 1286 2576 item
1317 2524 1327 2596 Ι
1359 2536 1382 2580 7
1408 2535 1679 2586 arescente,
1707 2529 1792 2574 sed

94 2602 211 2648 unda
237 2616 377 2661 super
404 2604 443 2646 Λ
473 2595 484 2666 Ι
515 2607 544 2650 8
562 2602 796 2647 ardentem
822 2602 892 2647 R.-
921 2607 1126 2647 arentem
1158 2601 1164 2659 Ι
1198 2606 1225 2650 9
1250 2600 1479 2646 alimentis
1512 2594 1520 2661 Ι
1555 2603 1791 2655 concreta,

94 2680 178 2715 em.
203 2671 242 2716 L
275 2665 281 2734 Ι
315 2677 370 2720 13
394 2671 613 2716 'Ubiorum
636 2670 706 2715 B.-
741 2671 956 2716 uibonum
989 2664 998 2734 Ι
1032 2675 1082 2718 17
1109 2683 1199 2715 non
1226 2668 1290 2713 P.-
1327 2682 1418 2714 non
1446 2668 1485 2713 si
1519 2665 1527 2730 Ι
1562 2672 1616 2716 18
1641 2681 1790 2712 reme-

96 2738 200 2796 dio,
233 2752 316 2787 em.
341 2739 407 2784 Ri
427 2742 474 2784 ἱη
502 2740 639 2789 adn.;
675 2740 868 2784 remedii
894 2741 954 2784 al.
983 2739 1045 2796 cf.
1071 2740 1133 2783 ad
1152 2742 1232 2794 14,
1270 2742 1327 2786 38
1359 2749 1399 2781 s.
1426 2735 1466 2794 f.
1501 2730 1519 2803 Ι
1552 2736 1752 2794 agrestis
1779 2729 1789 2799 Ι

96 2813 152 2858 19
179 2809 490 2855 residentibus
521 2810 582 2854 al.
624 2802 634 2872 Ι
675 2813 728 2854 21
757 2809 938 2866 direpta
985 2805 994 2868 Ι
1037 2807 1182 2864 magis
1207 2811 1318 2864 post
1347 2810 1514 2863 quanta
1541 2805 1628 2850 del.
1658 2805 1696 2850 A
1730 2817 1792 2850 ex

97 2878 275 2934 vulqari
312 2877 457 2922 Taciti
478 2890 562 2922 usu
