1976 3224
253 165 356 217 202
684 177 958 215 CORNELII
983 178 1177 216 ΤΑΟιΉ
1199 178 1508 218 ANNALIUM

253 306 502 355 Edessam.
555 313 601 353 et
626 312 833 353 vocante
863 304 1052 355 Carene
1081 314 1424 372 promptasque
1455 323 1535 356 res
1567 316 1855 372 ostentante,
1883 311 1922 358 si

196 390 237 424 15
255 378 335 425 citi
363 375 695 437 advenissent,
725 389 819 423 non
846 378 1108 425 comminus
1129 377 1541 442 Mesopotamiam,
1568 378 1655 427 sed
1681 379 1807 427 flexu
1832 378 1922 427 Ar-

253 447 455 495 meniam
476 452 655 509 petunt,
677 444 725 493 id
742 448 971 510 temporis
991 447 1309 510 inportunam,
1333 447 1442 511 quia
1462 446 1613 496 hiems
1631 448 1921 512 occipiebat.

361 517 440 565 13.
476 515 615 564 Exim
648 514 835 563 nivibus
874 523 921 564 et
957 516 1196 565 montibus
1231 517 1376 579 fessi,
1426 524 1682 582 postquam
1725 532 1923 582 campos

254 585 664 651 propinquabant,
695 586 850 649 copiis
868 585 1066 635 Carenis
1085 586 1417 650 adiunguntur,
1440 588 1760 652 tramissoque
1787 602 1923 637 amne

253 657 388 720 Tigri
428 662 677 720 permeant
713 655 1022 718 AdiabenoS,
1069 670 1268 720 quorum
1316 672 1404 705 rex
1438 655 1596 706 Izates
1641 658 1923 706 societatem

251 725 546 776 Meherdatis
575 725 733 790 palam
757 725 998 788 induerat,
1026 727 1072 774 in
1098 725 1340 775 Gotarzen
1369 741 1458 791 per
1483 727 1675 777 occulta
1699 734 1747 776 et
1771 728 1925 791 magis

211 809 235 840 5
253 797 346 846 fida
374 795 647 845 inclinabat.
698 795 785 845 sed
809 804 949 861 capta
973 797 1022 844 in
1046 797 1246 845 transitu
1265 795 1379 845 urbs
1399 796 1578 860 Ninos,
1605 795 1925 846 vetustissima

253 866 398 916 sedes
418 865 667 928 Assyriae,
697 871 746 915 et
767 865 833 899 **
862 865 1112 915 castellum
1135 868 1324 930 insigne
1352 867 1492 930 fama,
1520 866 1649 931 quod
1675 874 1922 931 postremo

251 939 375 986 inter
400 936 594 985 Darium
632 943 775 1001 atque
801 935 1130 985 Alexandrum
1165 937 1355 1000 proelio
1384 936 1638 985 Persarum
1668 936 1770 985 illic
1800 951 1924 1002 opes

253 1006 581 1056 conciderant.
630 1007 815 1055 interea
844 1005 1079 1056 Gotarzes
1113 1006 1239 1071 apud
1262 1014 1470 1055 montem
1504 1006 1579 1054 cui
1608 1020 1781 1055 nomeu
1807 1008 1922 1056 San·

251 1077 394 1125 bulos
421 1083 535 1125 vota
564 1075 634 1124 dis
660 1076 757 1124 loci
784 1075 1108 1140 suscipiebat,
1152 1078 1414 1141 praecipua
1440 1075 1679 1139 religione
1705 1076 1923 1140 Herculi,

195 1160 235 1194 ιο
256 1147 336 1211 qui
359 1154 578 1210 tempore
609 1152 732 1194 stato
759 1161 847 1210 per
873 1147 1081 1210 quietem
1099 1153 1262 1195 monet
1287 1145 1596 1208 sacerdoteS,
1623 1153 1673 1195 ut
1697 1146 1924 1212 templum

251 1219 381 1265 iuxta
402 1231 554 1280 equos
572 1218 765 1264 venatui
784 1215 1046 1273 adornatos
1074 1217 1259 1266 sistant.
1305 1217 1414 1281 equi
1439 1215 1519 1264 ubi
1537 1214 1788 1279 pharetras
1814 1216 1925 1279 telis

252 1294 447 1336 onustas
471 1301 742 1350 accepere,
782 1301 870 1350 per
909 1286 1057 1335 saltus
1082 1287 1195 1349 vagi
1223 1293 1367 1335 nocte
1404 1285 1590 1334 demum
1617 1288 1779 1335 vacuis
1809 1285 1923 1351 pha-

249 1358 393 1405 retris
423 1356 571 1404 multo
601 1371 704 1404 cum
732 1355 941 1404 anhelitu
970 1356 1188 1418 redeunt.
1247 1371 1434 1404 rursum
1470 1356 1614 1418 deuS,
1659 1371 1749 1420 qua
1777 1356 1925 1405 silvas

252 1428 600 1491 pererraverit,
629 1433 863 1474 nocturno
893 1428 999 1475 visu
1025 1426 1333 1490 demonstrat,
1359 1427 1760 1491 reperiunturque
1788 1426 1923 1474 fusae

194 1509 232 1542 15
251 1498 428 1561 passim
454 1497 605 1544 ferae.

359 1568 439 1615 14.
480 1564 703 1614 Ceterum
755 1565 1014 1629 Gotarzes,
1069 1566 1277 1615 nondum
1324 1568 1441 1615 satis
1490 1574 1631 1615 aucto
1689 1567 1922 1628 exercitu,

250 1637 440 1685 flumine
469 1635 641 1684 Corma
669 1649 758 1700 pro
785 1637 1073 1685 munimento
1103 1637 1196 1698 uti,
1225 1642 1271 1684 et
1298 1650 1580 1700 quamquam
1606 1650 1694 1700 per
1718 1637 1921 1683 insecta-

250 1707 406 1754 tiones
440 1713 487 1754 et
513 1706 704 1753 nuntios
732 1705 790 1753 ad
818 1706 1055 1769 proelium
1084 1712 1372 1768 vocaretur,
1401 1713 1600 1754 nectere
1626 1718 1814 1765 moraS,
1852 1703 1922 1751 lo-

251 1792 337 1826 cos
363 1782 543 1823 mutare
571 1781 619 1822 et
643 1775 799 1823 missis
827 1774 1192 1840 corruptoribus
1218 1775 1482 1824 exuendam
1508 1775 1567 1824 ad
1593 1774 1732 1823 fldem
1758 1773 1923 1822 hostes

209 1857 230 1888 5
253 1845 502 1894 emercari.
561 1859 622 1892 ex
651 1845 756 1908 quis
769 1843 937 1893 ‘Izates
963 1845 1288 1908 Adiabenum,
1326 1860 1440 1894 mox
1466 1844 1687 1894 Acbarus
1713 1842 1923 1892 Arabum

253 1931 358 1964 cum
385 1915 601 1963 exercitu
633 1914 921 1978 abscedunt,
961 1915 1156 1964 levitate
1187 1915 1379 1979 gentili,
1414 1922 1462 1964 et
1488 1916 1598 1980 quia
1624 1915 1923 1978 experimen·

250 1987 310 2035 tis
348 1985 591 2048 cognitum
633 1992 707 2032 est
741 1983 976 2033 barbaros
1020 1985 1164 2033 malle
1199 1985 1351 2034 Roma
1391 1992 1563 2050 petere
1597 1998 1746 2046 reges
1784 1996 1922 2046 quam

250 2055 449 2104 habere.
516 2062 562 2103 at
590 2053 898 2103 Meherdates
939 2055 1111 2103 validis
1157 2055 1345 2103 auxiliis
1383 2054 1610 2116 nudatuS,
1651 2060 1922 2101 ceterorum

250 2125 525 2190 proditione
566 2132 818 2188 suspecta,
873 2124 1000 2188 quod
1050 2140 1187 2173 unum
1225 2125 1486 2189 reliquum,
1539 2138 1638 2171 rem
1675 2123 1722 2169 in
1761 2135 1921 2169 casum

194 2211 233 2244 10
252 2195 368 2243 dare
416 2193 700 2259 proelioque
748 2195 962 2258 experiri
1011 2195 1187 2243 statuit.
1258 2209 1350 2242 nec
1391 2193 1676 2243 detrectavit
1716 2204 1921 2255 pugnam

251 2265 483 2314 Gotarzes
529 2263 780 2311 deminutis
834 2263 1053 2312 hostibus
1105 2264 1274 2319 serox;
1328 2277 1706 2326 concursumque
1748 2274 1921 2322 magna

251 2333 402 2382 caede
430 2340 476 2380 et
497 2332 719 2395 ambiguo
741 2341 940 2395 eventu,
970 2334 1125 2382 donec
1147 2332 1380 2381 Carenem
1403 2333 1671 2397 profligatis
1699 2329 1921 2378 obversis

249 2403 440 2465 lougius
468 2408 687 2450 evectum
716 2404 908 2464 integer
934 2418 959 2450 a
987 2410 1128 2465 tergo
1167 2402 1343 2465 globus
1385 2401 1769 2450 circumveniret.
1826 2405 1920 2445 tum

251 2473 376 2521 omni
420 2487 509 2536 spe
562 2470 748 2534 perdita
791 2471 1122 2532 MeherdateS,
1181 2473 1417 2535 promissa
1466 2470 1686 2520 Parracis
1731 2468 1918 2532 paterni

192 2555 232 2587 15
254 2542 441 2590 clientis
473 2547 690 2604 secutus,
720 2540 834 2588 dolo
864 2542 966 2589 eius
991 2542 1197 2589 vincitur
1217 2540 1512 2603 traditurque
1540 2538 1726 2587 victori.
1774 2543 1919 2600 atque

250 2611 333 2660 ille
369 2625 465 2660 non
505 2612 820 2675 propinquum
863 2626 1022 2675 neque
1048 2610 1247 2659 Arsacis
1274 2610 1333 2659 de
1359 2618 1530 2673 gente,
1569 2607 1655 2656 sed
1686 2606 1918 2668 alienige-

249 2696 355 2730 nam
399 2688 446 2729 et
477 2681 743 2730 Romanum
780 2683 1062 2745 increpans,
1112 2679 1303 2729 auribus
1352 2679 1528 2728 decisis
1565 2678 1731 2725 vivere
1769 2674 1918 2738 iubet,
1968 2695 1973 2699 ·

253 2752 459 2799 ostentui
486 2750 769 2799 clementiae
796 2766 909 2799 suae
938 2758 986 2798 et
1011 2752 1057 2798 in
1083 2764 1172 2798 nos
1199 2749 1641 2798 dehonestamento.
1692 2744 1803 2792 dein
1825 2743 1917 2793 Go-

250 2827 409 2868 tarzes
450 2819 619 2868 morbo
659 2820 799 2882 obiit,
837 2821 1114 2883 accitusque
1154 2821 1199 2867 in
1241 2831 1442 2881 regnum
1480 2818 1712 2864 Vonones
1747 2813 1919 2862 Medos

193 2899 236 2931 20
251 2895 346 2936 tum
387 2889 685 2952 praesidens.
742 2889 868 2937 nulla
905 2889 1014 2937 huic
1047 2902 1285 2953 prospera
1323 2893 1401 2934 aut
1438 2884 1652 2933 adversa·
1680 2883 1784 2946 quis
1820 2897 1916 2930 me·
