1976 3224
256 194 358 244 250
707 205 980 244 CORNELII
1002 207 1198 245 TAc1⁷r1
1219 208 1523 248 ANNALHJM.

253 332 456 395 lorigem
483 349 657 397 preces
685 336 951 398 suscipere.
1004 335 1308 400 profectique
1333 337 1531 385 Romam
1562 338 1667 385 dum
1703 338 1807 386 aliis
1845 354 1920 386 cu-

251 405 318 451 ris
352 404 580 451 intentum
617 403 861 451 Neronem
898 405 1240 468 opperiuntur,
1289 407 1414 454 inter
1451 421 1507 455 ea
1548 421 1670 470 quae
1704 406 1921 456 barbaris

253 480 552 521 ostentantur
587 474 828 522 intravere
865 471 1064 537 Pompei
1110 475 1370 536 theatrum,
1416 490 1510 539 qno
1554 475 1922 539 magnitudinem

251 542 418 607 populi
445 543 674 592 viserent.
726 542 827 591 illic
864 558 953 608 per
982 544 1128 592 otium
1163 546 1349 610 (neque
1374 547 1498 593 enim
1534 545 1732 594 ludicris
1768 547 1923 609 ignari

193 631 234 664 ιε
253 612 646 676 oblectabantur)
684 612 791 661 dum
830 627 1113 661 consessum
1140 629 1347 677 caveae,
1383 614 1656 665 discrimina
1686 615 1919 677 ordinum,

252 683 357 747 quis
378 697 546 746 equeS,
568 682 648 731 ubi
671 690 865 730 senatus
888 690 1246 747 percontantur,
1268 683 1523 733 advertere
1542 684 1772 749 quosdam
1794 685 1922 733 cultu

251 759 454 801 externo
493 753 540 800 in
565 752 760 801 sedibus
790 760 1089 810 senatorum;
1132 761 1180 802 et
1214 755 1405 818 quinam
1438 754 1601 803 forent
1634 756 1919 817 rogitanteS,

251 829 506 887 postquam
535 823 814 871 audiverant
839 837 1001 871 earum
1027 824 1238 885 gentium
1264 824 1440 887 legatis
1465 823 1514 873 id
1531 823 1728 873 honoris
1749 823 1920 887 datum,

250 907 373 956 quae
409 893 583 941 virtute
619 899 666 940 et
700 893 904 940 amicitia
932 893 1147 941 Romana
1183 893 1564 958 praecellerent,
1601 893 1759 942 nullos
1795 908 1919 942 mor·

186 977 232 1010 20
251 961 412 1010 talium
452 962 594 1011 armis
631 968 709 1010 aut
745 961 838 1010 fide
878 969 986 1010 ante
1016 961 1282 1011 Germanos
1309 978 1420 1011 esse
1447 963 1716 1012 exclamant
1747 963 1918 1026 degre-

250 1031 533 1096 diunturque
570 1038 618 1080 et
652 1031 776 1079 inter
815 1039 980 1096 patres
1009 1032 1280 1081 considunt.
1314 1032 1443 1096 quod
1469 1035 1672 1081 comiter
1702 1047 1729 1081 a
1759 1035 1915 1081 visen-

248 1100 374 1149 tibus
418 1097 702 1165 exceptum,
745 1102 880 1164 quasi
928 1102 1134 1165 impetus
1168 1104 1348 1166 antiqui
1388 1109 1438 1151 et
1475 1102 1603 1151 bona
1645 1103 1918 1152 aemulatio.

247 1170 379 1219 Nero
409 1172 601 1219 civitate
627 1169 842 1219 Romana
868 1170 1034 1219 ambos
1061 1171 1273 1232 donavit,
1301 1171 1486 1221 Frisios
1513 1171 1755 1221 decedere
1788 1173 1918 1236 agris

248 1242 400 1288 iussit.
452 1248 596 1304 atque
632 1240 727 1289 illis
755 1240 1123 1306 aspernantibus
1150 1241 1393 1290 auxiliaris
1421 1257 1574 1306 eques
1609 1250 1812 1306 repente
1837 1243 1917 1289 im·

183 1323 230 1356 25
248 1312 420 1358 missus
455 1311 797 1359 necessitatem
834 1310 1014 1374 attulit,
1059 1312 1216 1375 captis
1247 1313 1469 1360 caesisve
1506 1313 1585 1376 qui
1611 1312 1917 1376 pervicacius

247 1381 537 1428 restiterant.

351 1450 435 1499 55.
475 1448 688 1499 Eosdem
719 1465 865 1513 agros
893 1450 1186 1514 Ampsivarii
1214 1465 1540 1515 occupavere,
1566 1450 1772 1500 validior
1795 1466 1919 1514 gens

246 1534 342 1567 non
367 1518 510 1567 modo
540 1535 624 1568 sua
653 1522 809 1584 copia,
838 1520 924 1568 sed
946 1519 1260 1568 adiacentium
1279 1520 1570 1585 populorum
1589 1521 1916 1582 miseratione,

248 1591 356 1653 quia
392 1589 518 1654 pulsi
553 1606 580 1639 a
616 1589 821 1640 Chaucis
857 1598 904 1638 et
931 1589 1061 1638 sedis
1096 1589 1271 1653 inopes
1297 1597 1445 1638 tutum
1473 1590 1666 1639 exilium
1700 1589 1915 1639 orabant.

247 1658 511 1723 aderatque
553 1660 609 1708 iis
646 1660 804 1708 clarus
842 1675 929 1724 per
966 1659 1072 1707 illas
1102 1668 1276 1721 gentes
1303 1667 1350 1708 et
1387 1659 1527 1709 nobis
1555 1674 1749 1724 quoque
1774 1658 1914 1726 fidus,

195 1742 224 1774 -5
248 1731 438 1776 nomine
463 1728 742 1791 Boiocalus,
770 1731 978 1777 vinctum
1006 1740 1060 1776 se
1086 1728 1357 1777 rebellione
1387 1727 1637 1778 Cherusca
1660 1729 1793 1777 iussu
1822 1727 1914 1776 Ar·

246 1798 375 1846 minii
411 1797 659 1861 referenS,
699 1813 813 1847 mox
837 1798 1032 1847 Tiberio
1059 1803 1106 1846 et
1131 1797 1418 1848 Germanico
1451 1798 1652 1848 ducibus
1679 1797 1917 1864 stipendia

244 1868 504 1931 meruisse,
547 1875 595 1916 et
624 1868 969 1933 quinquaginta
999 1882 1230 1916 annorum
1258 1868 1495 1932 obsequio
1532 1867 1579 1918 id
1606 1881 1801 1933 quoque
1836 1866 1915 1916 ad-

244 1939 472 2000 iungere,
508 1937 636 2001 quod
664 1945 858 2000 gentem
895 1952 1028 1986 suam
1057 1937 1234 1987 dicioni
1270 1945 1467 1988 nostrae
1507 1937 1766 1987 subiceret.
1819 1950 1913 2001 quo

242 2014 416 2055 tantam
445 2014 629 2070 partem
660 2009 815 2072 campi
845 2008 1032 2070 iacere,
1068 2008 1116 2055 in
1139 2023 1276 2072 quam
1308 2022 1491 2073 pecora
1520 2015 1568 2056 et
1592 2014 1803 2058 armenta
1833 2007 1914 2054 mi·

183 2090 228 2124 10
244 2077 373 2125 litum
418 2077 672 2140 aliquando
716 2075 1185 2126 transmitterentur?
1237 2085 1490 2126 servarent
1525 2092 1643 2126 sane
1686 2084 1915 2141 receptus
1974 2094 1976 2122 2

242 2145 478 2209 gregibus
515 2147 639 2195 inter
666 2146 904 2196 hominum
930 2146 1127 2209 famem,
1163 2147 1308 2196 modo
1334 2162 1394 2195 ne
1419 2148 1691 2196 vastitatem
1718 2153 1767 2195 et
1792 2145 1910 2194 soli-

242 2215 451 2264 tudinem
485 2216 682 2265 mallent
723 2232 862 2281 quam
896 2217 1076 2264 amicos
1113 2217 1337 2281 populos.
1381 2214 1729 2266 Chamavorum
1765 2230 1912 2280 quon-

243 2285 349 2333 dam
378 2300 437 2334 ea
464 2300 593 2348 arva,
623 2301 737 2334 mox
768 2285 1032 2335 Tubantum
1058 2293 1106 2334 et
1132 2293 1244 2349 post
1270 2287 1533 2350 Usiporum
1559 2285 1725 2336 fuisse.
1774 2285 1913 2333 sicuti
1974 2295 1976 2350 J

242 2354 429 2403 caelum
454 2353 582 2417 deis,
622 2356 686 2404 ita
721 2364 875 2404 terras
908 2356 1078 2417 generi
1103 2355 1371 2404 mortalium
1396 2355 1557 2410 datas;
1587 2370 1808 2419 quaeque
1834 2369 1911 2402 va·
1974 2355 1976 2400 ἐ

184 2434 226 2467 1⁵
245 2438 388 2486 cuae,
431 2438 514 2472 eas
549 2424 767 2488 publicas
799 2440 925 2472 esse.
977 2424 1132 2473 solem
1158 2424 1331 2473 deinde
1367 2426 1640 2490 suspiciens
1676 2431 1724 2473 et
1751 2430 1913 2473 cetera
1974 2433 1976 2450 ¹

240 2492 399 2542 sidera
435 2507 617 2543 vocans
658 2495 793 2558 quasi
833 2508 993 2542 coram
1029 2493 1386 2557 interrogabat,
1423 2494 1670 2543 vellentne
1697 2493 1912 2542 contueri

241 2564 383 2612 inane
410 2562 591 2613 solum:
633 2566 790 2628 potius
826 2579 957 2613 mare
985 2564 1387 2628 superfunderent
1415 2564 1648 2613 adversus
1681 2571 1912 2611 terrarum

241 2640 515 2696 ereptores.

344 2703 429 2752 56.
464 2702 526 2751 Et
567 2709 830 2751 commotus
866 2702 939 2751 his
975 2702 1173 2751 Avitus:
1218 2702 1439 2767 patienda
1477 2702 1724 2751 meliorum
1763 2701 1909 2764 impe-

239 2773 332 2824 ria:
382 2772 428 2820 id
468 2772 539 2820 dis
588 2787 710 2835 quos
752 2772 1051 2836 inplorarent
1087 2772 1340 2836 placitum,
1389 2779 1438 2820 ut
1477 2770 1719 2820 arbitrium
1757 2784 1910 2834 penes

237 2840 481 2890 Romanos
507 2848 746 2903 maneret,
775 2840 887 2905 quid
917 2841 1084 2890 darent
1122 2841 1233 2905 quid
1265 2841 1554 2902 adimerent,
1591 2854 1750 2903 neque
1788 2839 1910 2888 alios

239 2908 421 2957 iudices
459 2925 597 2973 quam
624 2925 676 2958 se
703 2911 838 2974 ipsos
868 2917 1161 2977 paterentur.
1211 2910 1336 2958 haec
1370 2911 1416 2958 in
1444 2908 1686 2973 publicum
1714 2908 1908 2971 Ampsi-
