1976 3224
127 189 194 239 70
635 202 911 243 CORNELII
937 205 1132 244 TAOIT1
1158 207 1462 246 ANNALIUM

130 343 237 377 cum
275 327 532 391 militibus,
582 330 687 392 quis
727 331 877 394 Cotys
918 333 1214 396 traderetur,
1251 335 1299 382 in
1338 334 1619 383 Thraeciam
1658 335 1799 382 misit.

125 397 460 462 Rhescuporis
495 397 621 446 inter
661 408 837 449 metum
875 409 924 450 et
970 404 1085 452 iram
1130 410 1376 468 cunctatus
1423 404 1584 451 maluit
1628 404 1800 467 patrati

127 483 266 533 quam
289 467 471 532 incepti
497 467 730 519 facinoris
755 486 867 519 reus
894 487 1031 521 esse:
1062 473 1219 521 occidi
1241 471 1398 534 Cotyn
1424 472 1556 521 iubet
1578 480 1798 521 mortem·

87 553 220 602 5que
246 542 420 601 sponte
455 545 690 602 sumptam
723 542 991 590 ementitur.
1052 557 1144 590 nec
1184 550 1342 591 tamen
1378 542 1559 592 Caesar
1597 542 1800 607 placitas

125 607 278 656 semel
309 614 440 655 artes
466 609 681 672 mutavit,
711 609 798 658 sed
825 610 1051 659 defuncto
1078 611 1321 674 Pandusa,
1363 627 1504 676 quem
1532 612 1622 660 sibi
1647 612 1798 660 infen-

125 691 227 725 sum
261 676 594 741 Rhescuporis
631 679 892 743 arguebat,
934 680 1248 744 Pomponium
1283 680 1539 743 Flaccum,
1585 688 1799 729 veterem

125 746 378 810 stipendiis
407 754 454 794 et
485 753 588 795 arta
617 762 722 796 cum
746 764 868 812 rege
894 751 1099 799 amicitia
1125 765 1283 814 eoque
1310 750 1797 800 accommodatiorem

122 816 182 865 ad
209 815 488 879 fallendum,
515 816 577 864 ob
607 816 653 865 id
677 820 880 866 maxime
904 819 1120 868 Moesiae
1153 820 1407 884 praefecit.

227 886 311 934 67.
348 883 556 934 Flaccus
582 888 629 934 in
660 887 942 937 Thraeciam
969 896 1303 952 transgressus
1333 905 1421 954 per
1446 889 1656 951 ingentia
1687 903 1796 952 pro-

121 956 266 1003 missa
293 957 507 1018 quamvis
538 955 810 1019 ambiguum
849 966 897 1006 et
932 958 1123 1007 scelera
1158 974 1242 1007 sua
1279 966 1582 1023 reputantem
1621 973 1797 1022 perpu-

121 1025 177 1073 lit
206 1032 256 1072 ut
285 1024 527 1087 praesidia
553 1026 769 1076 Romana
794 1027 1007 1076 intraret.
1055 1027 1347 1077 circumdata
1367 1028 1477 1076 hinc
1496 1028 1605 1090 regi
1629 1027 1797 1091 specie

121 1093 320 1143 honoris
358 1093 514 1143 valida
552 1109 744 1158 manus,
795 1096 1066 1160 tribunique
1107 1105 1156 1146 et
1201 1099 1507 1146 centuriones
1537 1096 1796 1159 monendo,

86 1163 399 1226 ssuadendO,
430 1171 479 1212 et
505 1172 681 1227 quanto
716 1165 909 1228 longius
948 1166 1325 1229 abscedebatur,
1359 1167 1606 1231 apertiore
1641 1173 1798 1214 custo·

121 1234 216 1297 dia,
247 1241 493 1298 postremo
526 1249 728 1297 gnarum
754 1237 1060 1285 necessitatis
1089 1238 1137 1284 in
1156 1236 1322 1285 urbem
1346 1244 1557 1285 traxere.
1602 1250 1798 1285 accusa·

120 1312 194 1352 tus
222 1305 269 1351 in
295 1311 463 1352 senatu
489 1303 548 1352 ab
575 1319 729 1353 uxore
757 1304 925 1366 Cotyis
952 1306 1224 1369 damnatur,
1261 1314 1311 1354 ut
1349 1306 1522 1370 procul
1546 1319 1701 1368 regno
1729 1312 1798 1353 te-

119 1381 331 1422 neretur.
378 1372 613 1422 Thraecia
654 1375 701 1422 in
744 1374 1126 1424 Rhoemetalcen
1174 1376 1344 1439 filium,
1398 1390 1539 1438 quem
1586 1374 1800 1439 paternis

123 1442 339 1492 consiliis
365 1442 671 1491 adversatum
693 1444 959 1507 constabat,
982 1447 1125 1509 inque
1146 1446 1329 1494 liberos
1356 1444 1526 1505 Cotyis
1549 1444 1795 1499 dividitur;

63 1513 277 1576 10iisque
315 1512 524 1560 nondum
561 1512 734 1562 adultis
771 1513 1107 1563 Trebellienus
1141 1515 1294 1564 Rufus
1341 1522 1564 1578 praetura
1609 1513 1798 1561 functus

119 1582 271 1644 datur,
300 1583 380 1645 qui
406 1597 608 1644 regnum
632 1584 819 1631 interim
850 1592 1095 1647 tractaret,
1124 1583 1350 1648 exemplo
1379 1598 1471 1647 quo
1499 1584 1708 1631 maiores
1732 1582 1796 1630 M.

115 1651 347 1715 Lepidum
382 1651 647 1700 Ptolemaei
687 1653 854 1701 liberis
900 1661 1106 1702 tutorem
1152 1655 1198 1701 in
1237 1653 1516 1716 Aegyptum
1555 1652 1796 1700 miserant.

116 1720 453 1784 Rhescuporis
482 1720 827 1770 Alexandriam
852 1723 1085 1771 devectus
1125 1731 1269 1786 atque
1306 1723 1406 1770 illic
1443 1721 1606 1783 fugam
1645 1729 1796 1784 temp·

119 1797 226 1839 tans
248 1805 307 1843 an
334 1789 447 1837 ficto
478 1791 674 1839 crimine
706 1792 1004 1840 interficitur.

227 1859 309 1908 68.
349 1859 443 1906 Per
468 1860 593 1907 idem
624 1867 812 1924 tempus
836 1857 1087 1923 Vonones,
1114 1877 1252 1925 quern
1285 1868 1490 1909 amotum
1515 1863 1560 1908 in
1583 1859 1798 1908 Ciliciam

118 1931 408 1990 memoravi,
438 1930 681 1993 corruptis
709 1930 988 1978 custodibus
1026 1932 1245 1993 effugere
1284 1930 1343 1978 ad
1370 1930 1652 1990 Armenios,
1689 1927 1797 1976 dein

118 1998 340 2047 Albanos
375 1998 754 2063 Heniochosque
797 2008 845 2048 et
884 2001 1292 2063 consanguineum
1334 1999 1425 2047 sibi
1467 2014 1637 2061 regem
1678 1998 1795 2058 Scy·

118 2068 305 2116 tharum
344 2076 546 2116 conatus
586 2076 674 2117 est.
739 2071 912 2133 specie
953 2069 1159 2118 venandi
1187 2070 1376 2118 omissis
1402 2068 1645 2117 maritimis
1673 2067 1796 2115 locis

78 2157 98 2189 5
119 2138 223 2186 avia
253 2137 454 2186 saltuum
482 2139 635 2201 petiit,
663 2153 775 2187 mox
803 2140 1088 2203 pernicitate
1116 2139 1228 2202 equi
1250 2138 1309 2186 ad
1338 2152 1522 2187 amnem
1547 2137 1793 2197 Pyramum

119 2206 380 2269 contendit,
412 2209 543 2255 cuius
571 2215 746 2271 pontes
783 2209 984 2256 accolae
1024 2216 1256 2272 ruperant
1291 2207 1448 2256 audita
1482 2207 1613 2268 regis
1651 2205 1793 2267 fuga;

116 2291 275 2339 neque
305 2276 429 2324 vado
459 2278 703 2339 penetrari
730 2285 935 2341 poterat.
991 2278 1137 2340 igitur
1163 2278 1208 2324 in
1235 2277 1339 2340 ripa
1366 2276 1567 2324 fluminis
1598 2289 1623 2323 a
1651 2273 1794 2322 Vibio

115 2346 361 2395 Frontone
389 2345 641 2409 praefecto
679 2347 886 2409 equitum
918 2347 1149 2407 vincitur,
1194 2359 1306 2392 mox
1341 2346 1583 2393 Remmius
1619 2357 1794 2391 evoca-

116 2425 209 2477 tuS,
240 2415 392 2479 priori
420 2414 669 2462 custodiae
695 2415 828 2477 regis
864 2415 1138 2479 adpositus,
1181 2415 1316 2477 quasi
1358 2429 1446 2477 per
1479 2414 1595 2460 iram
1630 2411 1793 2474 gladio

59 2503 98 2535 10
118 2500 224 2533 eum
254 2485 492 2546 transigit.
557 2484 683 2532 unde
703 2486 854 2532 maior
880 2485 1000 2532 fides
1031 2484 1328 2532 conscientia
1356 2482 1562 2530 sceleris
1588 2489 1637 2529 et
1668 2488 1791 2528 metu

113 2554 278 2603 indicii
307 2561 511 2602 mortem
539 2554 733 2602 Vononi
759 2554 967 2602 inlatam.

221 2623 303 2673 69.
340 2623 405 2672 At
436 2623 748 2672 Germanicus
777 2623 1009 2687 Aegypto
1040 2637 1261 2670 remeans
1292 2628 1490 2681 cuncta,
1517 2634 1639 2683 quae
1669 2618 1794 2682 apud

113 2694 338 2755 legiones
369 2700 448 2742 aut
477 2692 622 2741 urbes
649 2695 881 2753 iusserat,
921 2693 1100 2740 abolita
1138 2691 1217 2739 vel
1253 2692 1300 2739 in
1335 2691 1623 2739 contrarium
1650 2702 1794 2735 versa

115 2764 388 2824 cognoscit.
443 2762 552 2810 hinc
586 2778 764 2824 graves
805 2764 851 2809 in
877 2763 1098 2811 Pisonem
1137 2759 1479 2820 contumeliae,
1519 2773 1610 2805 nec
1643 2758 1793 2804 minus

114 2830 294 2881 acerba
331 2846 453 2893 quae
493 2831 550 2878 ab
587 2832 671 2879 illo
718 2833 763 2878 in
805 2831 1064 2879 Caesarem
1104 2829 1468 2877 intentabantur.
1528 2826 1636 2874 dein
1680 2826 1791 2874 Piso

75 2922 94 2953 5
123 2900 255 2949 abire
285 2901 421 2947 Suria
451 2901 625 2948 statuit.
675 2914 788 2948 mox
814 2900 1018 2948 adversa
1041 2899 1312 2948 Germanici
1332 2894 1603 2945 valetudine
1629 2895 1790 2943 deten-
