1976 3224
418 238 591 275 LIBER
611 237 688 276 v1.
719 237 842 276 OAP.
867 238 1042 281 5—10
1069 224 1146 294 (V,
1174 237 1399 292 10—v1,
1426 226 1496 294 4).
1648 218 1651 222 ξ
1689 228 1786 277 155

124 367 428 428 dicebantur,
470 366 517 413 in
555 366 746 428 effigies
782 380 976 429 quoque
1005 381 1063 413 ac
1099 365 1372 412 memoriam
1410 366 1538 426 eius,
1578 371 1626 411 et
1660 363 1788 413 bona

123 438 284 486 Seiani
312 437 468 484 ablata
493 436 680 483 aerario
707 441 756 482 ut
790 436 837 482 in
878 436 1043 482 fiscum
1081 441 1401 496 cogerentur,
1439 441 1677 497 tamquam
1711 449 1787 482 re·

122 507 288 556 ferret.
357 505 612 568 Scipiones
644 503 766 552 haec
805 510 853 551 et
877 504 1025 552 Silani
1071 510 1118 551 et
1147 502 1302 551 Cassii
1336 503 1489 551 isdem
1523 503 1675 551 ferme
1710 509 1827 562 aut5

125 575 315 641 paulum
368 574 604 635 inmutatis
649 571 838 635 verbiS,
863 573 1258 622 ,adseveratione
1307 573 1453 621 multa
1504 572 1788 634 censebant,

126 660 231 693 cum
250 642 450 708 repente
471 642 719 705 Togonius
740 641 920 704 GalluS,
950 642 1056 690 dum
1078 641 1430 706 ignobilitatem
1452 656 1583 689 suam
1601 641 1787 704 magnis

123 713 390 763 nominibus
434 712 629 772 inserit,
665 726 754 775 per
778 711 1090 771 deridiculum
1123 710 1322 759 auditur.
1382 726 1490 759 nam
1520 711 1790 775 principem

124 782 291 832 orabat
319 781 538 844 deligere
564 787 837 843 senatores,
866 773 1059 845 ex⁸quis
1087 781 1253 843 viginti
1282 778 1414 828 sorte
1438 780 1564 828 ducti
1589 787 1637 827 et
1656 779 1788 827 ferro

123 853 354 913 accincti,
383 851 604 915 quotiens
635 852 811 898 curiam
845 850 1037 913 inisset,
1078 850 1279 898 salutem
1313 851 1416 899 eius
1453 848 1786 897 defenderent.
1808 875 1847 908 10

125 920 393 971 crediderat
417 920 630 968 nimirum
657 919 892 984 epistulae
921 918 1135 975 subsidio
1161 919 1250 967 sibi
1277 919 1479 967 alterum
1515 933 1576 966 ex
1618 933 1787 966 consu-

122 991 246 1040 libus
271 984 544 1055 poscentis,
578 995 629 1036 ut
664 995 791 1036 tutus
816 1003 842 1036 a
870 986 1071 1054 Capreis
1106 988 1272 1037 urbem
1310 995 1517 1052 peteret.
1566 987 1791 1036 Tiberius

122 1067 295 1122 tamen,
323 1058 525 1107 ludibria
551 1058 691 1106 seriis
715 1059 1011 1122 permiscere
1037 1057 1236 1120 solitus,
1274 1058 1372 1120 egit
1396 1058 1548 1120 gratis
1578 1057 1789 1105 benevo-

121 1129 298 1178 lentiae
318 1135 530 1192 patrum:
561 1126 647 1175 sed
669 1141 791 1191 quos
811 1128 962 1176 omitti
984 1141 1148 1191 posse,
1177 1141 1300 1191 quos
1322 1124 1509 1189 deligi?
1534 1140 1791 1190 semperne

123 1198 322 1248 eosdem
350 1212 409 1245 an
440 1195 638 1244 subinde
664 1194 819 1244 alios?
855 1204 903 1245 et
938 1195 1202 1245 honoribus
1239 1197 1520 1259 perfunctos
1560 1210 1620 1244 an
1658 1197 1791 1243 iuve-.
1810 1224 1849 1256 15

123 1283 224 1330 nes,
254 1267 466 1331 privatos
492 1281 550 1314 an
577 1281 602 1313 e
627 1263 1017 1327 magistratibus?
1053 1280 1191 1329 quam
1227 1265 1399 1313 deinde
1437 1266 1654 1330 speciem
1679 1265 1790 1312 fore

124 1336 404 1385 sumentium
428 1334 658 1400 inplimine
696 1335 857 1383 curiae
892 1333 1117 1397 gladios?
1155 1336 1312 1398 neque
1351 1335 1440 1382 sibi
1475 1335 1619 1383 vitam
1655 1335 1789 1395 tanti,

125 1406 165 1453 si
188 1405 331 1453 armis
359 1403 567 1467 tegenda
595 1403 739 1452 foret.
792 1403 915 1452 haec
942 1404 1178 1453 adversus
1200 1403 1471 1466 Togonium
1501 1403 1667 1451 verbis
1692 1418 1788 1451 mo-

123 1474 312 1536 derans,
338 1488 495 1536 neque
521 1473 643 1521 ultra
669 1472 979 1522 abolitionem
1005 1474 1272 1521 sententiae
1299 1473 1519 1521 suadere.

230 1545 278 1593 9.
295 1541 599 1619 Qunium
629 1541 926 1611 Gallionem,
977 1544 1056 1613 qui
1104 1549 1359 1617 cgnsuerat
1402 1549 1451 1589 ut
1532 1540 1849 1607 metor-ignita

387 1612 394 1616 ”
441 1602 1007 1677 mmmmm
1042 1598 1119 1660 ι’ῐῗλ
1158 1557 1789 1660 ιῖΜῖἩὲἵῆθὸἷὸἷὴῖΒυε

126 1614 244 1663 uotis
282 1611 340 1660 sti
374 1611 438 1659 ‘en

125 1627 674 1743 ΐὲῗὲἷᾶΐζῌῗῗῗῖἑῐίὶὲἕῗη
680 1677 762 1729 ‘cre
769 1671 796 1749 ρ’
794 1666 1793 1744 ἷιῗῖῗῧῗὲῗὶῐΐῖῗὸΓε’ἱῖῖῧξῖῐέὶίῗῗᾚιῖῗῖῗῗῑῑῑ

125 1732 826 1815 c-unfflitffifffi's'ffique
859 1748 984 1798 dicta
1012 1751 1358 1815 [imperatoris]
1388 1764 1550 1813 neque
1579 1748 1794 1812 praemia

110 1821 215 1868 nisi
251 1818 309 1868 ab
347 1821 633 1883 imperatore
670 1821 896 1884 accipere
939 1835 1027 1884 par
1064 1827 1210 1868 esset.
1271 1820 1553 1883 repperisse
1592 1830 1791 1882 prorsus
1815 1841 1835 1872 5

129 1887 256 1953 quod
290 1887 426 1935 divus
462 1887 709 1950 Augustus
744 1903 840 1937 non
877 1889 1165 1953 providerit:
1205 1904 1263 1936 an
1300 1890 1460 1953 potius
1505 1885 1793 1936 discordiam

128 1965 175 2006 et
200 1956 479 2004 seditionem
505 1972 531 2004 a
557 1957 765 2005 satellite
794 1958 953 2006 Seiani
982 1958 1244 2022 quaesitam
1261 1996 1274 2020 ,
1316 1973 1408 2022 qua
1433 1957 1578 2005 rudes
1605 1957 1791 2005 animos

127 2027 316 2076 nomine
343 2025 540 2074 honoris
566 2025 631 2074 ad
661 2025 1059 2090 corrumpendum
1094 2027 1288 2075 militiae
1323 2041 1505 2076 morem
1543 2024 1791 2090 propelle·

126 2093 234 2144 ret?
275 2094 369 2143 hoc
403 2096 604 2159 pretium
641 2095 801 2144 Gallio
830 2095 1083 2145 meditatae
1122 2095 1404 2144 adulationis
1452 2095 1587 2156 tulit,
1636 2093 1793 2142 statim

130 2165 274 2227 curia,
301 2163 472 2212 deinde
497 2163 633 2213 Italia
663 2172 888 2221 exactus;
924 2171 971 2213 et
994 2167 1103 2229 quia
1144 2165 1449 2213 incusabatur
1484 2162 1631 2211 facile
1669 2162 1850 2220 tole-10

126 2240 314 2283 raturus
344 2234 534 2281 exilium
561 2233 747 2282 delecta
776 2233 935 2282 Lesbo
955 2272 969 2297 ,
996 2235 1149 2283 insula
1178 2233 1326 2282 nobili
1366 2241 1413 2282 et
1451 2246 1681 2295 amoena,
1716 2246 1791 2280 re-

128 2302 325 2353 trahitur
357 2303 402 2350 in
438 2302 602 2350 urbem
642 2303 1002 2366 custoditurque
1038 2302 1255 2352 domibus
1293 2304 1669 2365 magistratuum.
1731 2302 1792 2349 is·

128 2371 234 2420 dem
259 2371 426 2439 literis·
447 2369 628 2421 Caesar
653 2372 864 2422 Sextium
900 2372 1219 2423 Paconianum
1255 2374 1548 2437 praetorium
1588 2370 1794 2435 perculit

127 2455 300 2503 magno
329 2448 511 2505 patrum
535 2441 730 2506 gaudio,
759 2441 1011 2506 audacem,
1037 2443 1329 2505 maleficum,
1367 2442 1573 2490 omnium
1602 2446 1793 2487 secreta

127 2512 372 2559 rimantem
399 2509 730 2575 delectumque
757 2511 815 2559 ab
846 2512 1022 2561 Seiano
1051 2514 1183 2560 cuius
1219 2526 1314 2576 ope
1349 2511 1489 2560 dolus
1517 2509 1635 2559 Gaio
1673 2507 1851 2564 Cae-15

129 2580 223 2628 sari
250 2586 512 2644 pararetur.
573 2580 699 2644 quod
736 2588 987 2644 postquam
1024 2581 1342 2644 patefactum,
1382 2593 1653 2643 prorupere
1681 2591 1793 2625 con-

130 2656 270 2711 cepta
298 2647 481 2712 pridem
508 2648 640 2711 odia,
673 2657 720 2697 et
747 2665 971 2698 summum
1007 2650 1293 2714 supplicium
1331 2647 1712 2708 decernebatur,
1747 2646 1795 2693 ni

132 2717 381 2780 professus
409 2716 628 2765 indicium
654 2718 797 2766 foret.
1515 2772 1520 2778 Ι

236 2788 315 2837 10.
345 2787 406 2835 Ut
427 2801 545 2850 vero
566 2786 792 2834 Latinium
813 2787 1046 2835 Latiarem
1067 2788 1316 2849 ingressus
1340 2792 1429 2846 est,
1457 2791 1712 2833 accusator
1736 2798 1793 2832 ac
1823 2787 1852 2832 4

130 2869 240 2902 reus
275 2856 404 2903 iuxta
438 2855 574 2903 invisi
613 2856 932 2918 gratissimum
969 2855 1299 2920 spectaculum
1340 2852 1654 2917 praebebant.
1707 2852 1792 2901 La·

131 2922 288 2985 tiaris,
317 2932 365 2972 ut
389 2925 577 2988 rettuli,
607 2926 893 2990 praecipuus
923 2925 1035 2973 olim
1065 2922 1469 2972 circumveniendi
1494 2922 1604 2971 Titii
1631 2921 1794 2971 Sabini
