1976 3224
221 163 324 213 264
636 174 910 212 CORNELII
944 176 1137 214 rerrrr
1172 178 1477 216 ANNALmM

221 302 399 364 Mardi,
435 302 702 352 latrociniis
735 305 937 352 exerciti
975 313 1237 370 contraque
1273 309 1617 372 inrumpentem
1655 310 1893 360 montibus

94 367 99 373 ‘
166 390 204 422 15
222 373 432 428 defensi;
475 388 598 437 quos
625 372 839 423 Corbulo
871 375 1076 423 inmissis
1103 375 1293 425 Hiberis
1331 379 1536 427 vastavit
1573 379 1891 444 hostilemque

221 443 467 492 audaciam
496 451 699 492 externo
727 446 961 506 sanguine
989 445 1115 494 ultus
1143 453 1233 494 est.

326 512 410 562 24.
445 512 561 578 Ipse
599 514 941 578 exercitusque
978 523 1028 563 ut
1074 516 1216 573 nullis
1251 532 1313 565 ex
1359 518 1547 581 proelio
1584 519 1791 583 damnis,
1830 522 1892 568 ita

223 599 310 648 per
336 583 545 647 inopiam
582 591 629 632 et
656 583 851 632 labores
886 585 1204 648 fatiscebant,
1245 601 1390 635 carne
1431 588 1664 652 pecudum
1694 590 1890 654 propul-

221 668 331 702 sare
365 653 539 702 famem
581 653 754 703 adacti.
805 653 866 703 ad
905 654 999 704 hoc
1037 658 1236 719 penuria
1271 671 1448 722 aquae,
1492 658 1678 707 fervida
1713 667 1893 722 aestaS,

221 723 484 787 longinqua
519 725 692 772 itinera
731 724 835 772 sola
870 725 1004 773 ducis
1052 728 1280 790 patientia
1317 727 1679 793 mitigabantur,
1725 729 1893 779 eadem

182 812 202 843 5
222 794 456 858 pluraque
483 794 714 857 gregario
751 793 900 842 milite
935 795 1203 844 tolerantis,
1260 804 1452 847 ventum
1479 798 1651 849 dehinc
1675 801 1723 848 in
1751 799 1892 849 locos

222 863 379 912 cultos
407 863 758 928 demessaeque
785 872 1011 928 segetes,
1041 873 1089 914 et
1117 882 1180 915 ex
1204 866 1390 916 duobus
1419 869 1656 932 castelliS,
1693 871 1743 918 in
1769 884 1891 935 quae

220 934 541 996 confugerant
577 934 819 996 Armenii,
859 935 1058 983 alterum
1098 937 1278 1001 impetu
1315 945 1527 1002 captum;
1572 940 1652 1003 qui
1694 941 1891 1004 primam

218 1005 313 1052 vim
341 1003 654 1068 depulerant,
685 1003 938 1053 obsidione
968 1014 1221 1068 coguntur.
1270 1007 1394 1056 unde
1422 1009 1469 1056 in
1493 1010 1744 1072 regionem
1770 1009 1885 1059 Tau-

220 1074 470 1122 raunitium
512 1081 845 1137 transgressus
893 1075 1191 1139 inprovisum
1235 1077 1499 1141 periculum
1536 1079 1719 1127 vitavit.
1785 1094 1890 1127 nam

163 1160 203 1192 10
221 1143 345 1192 haud
385 1144 556 1208 procul
594 1145 804 1193 tentorio
846 1145 949 1193 eius
983 1160 1080 1194 non
1113 1147 1345 1210 ignobilis
1380 1147 1612 1197 barbarus
1634 1163 1754 1198 ‘cum
1790 1148 1891 1197 telo

218 1220 443 1278 repertus
483 1213 698 1263 ordinem
735 1215 1009 1264 insidiarum
1045 1231 1196 1280 seque
1235 1225 1482 1266 auctorem
1519 1226 1567 1267 et
1603 1220 1769 1268 socios
1806 1233 1892 1283 per

218 1291 456 1332 tormenta
495 1283 665 1347 edidit,
707 1285 1011 1350 convictique
1047 1294 1093 1334 et
1130 1289 1279 1351 puniti
1318 1296 1424 1336 sunt
1456 1290 1535 1353 qui
1573 1290 1742 1353 specie
1781 1289 1888 1337 ami-

219 1355 358 1402 citiae
390 1353 550 1402 dolum
589 1353 836 1417 parabant.
887 1370 980 1403 nec
1017 1357 1164 1406 multo
1207 1366 1318 1421 post
1354 1359 1502 1422 legati
1541 1357 1889 1422 Tigranocerta

217 1423 348 1472 missi
390 1430 560 1487 patere
595 1425 784 1473 moenia
825 1425 1070 1489 adferunt,
1110 1428 1317 1476 intentos
1356 1428 1605 1492 popularis
1642 1428 1701 1478 ad
1737 1429 1889 1477 iussa:

161 1513 200 1545 15
223 1493 360 1543 simul
386 1493 627 1558 hospitale
665 1493 868 1557 donum,
907 1510 1135 1545 coronam
1172 1513 1389 1561 auream,
1428 1498 1694 1548 tradebant.
1751 1512 1890 1547 acce-

218 1566 382 1628 pitque
408 1578 512 1612 cum
538 1563 753 1628 honore,
780 1580 872 1613 nec
894 1567 1146 1630 quicquam
1172 1567 1276 1614 urbi
1298 1568 1584 1630 detractum,
1613 1583 1705 1632 quo
1733 1582 1889 1632 prom-

219 1635 344 1698 ptius
366 1633 648 1697 obsequium
673 1635 849 1698 integri
877 1636 1157 1684 retinerent.

319 1704 404 1752 25.
444 1704 510 1751 At
546 1704 834 1766 praesidium
868 1705 1119 1768 Legerda,
1161 1706 1288 1770 quod
1325 1707 1466 1755 ferox
1505 1709 1725 1755 iuventus
1762 1707 1887 1755 clau-

218 1780 376 1836 serat,
406 1788 503 1822 non
528 1774 630 1821 sine
662 1775 924 1822 certamine
952 1784 1276 1840 expugnatum
1303 1784 1400 1825 est:
1447 1792 1552 1825 nam
1578 1785 1626 1825 et
1651 1775 1889 1840 proelium

217 1857 306 1908 pro
335 1844 482 1891 muris
515 1844 617 1892 ausi
647 1851 782 1892 erant
810 1852 856 1892 et
893 1845 1018 1908 pulsi
1046 1847 1164 1894 intra
1190 1848 1476 1895 munimenta
1506 1848 1676 1910 aggeri
1703 1846 1888 1894 demum

218 1921 266 1961 et
290 1914 656 1977 inrumpentium
691 1915 834 1962 armis
871 1930 1086 1964 cessere.
1137 1931 1260 1979 quae
1298 1916 1485 1965 facilius
1521 1915 1887 1981 proveniebant,

175 1994 195 2025 5
218 1985 327 2047 quia
363 1983 523 2032 Parthi
559 1982 787 2044 Hyrcano
822 1983 955 2033 bello
995 1985 1354 2034 distinebantur.
1409 1987 1729 2051 miserantque
1768 1985 1887 2046 Hyr-

218 2055 323 2102 cani
367 2053 427 2102 ad
471 2054 739 2118 principem
770 2055 1033 2103 Romanum
1071 2058 1353 2104 societatem
1392 2065 1601 2118 oratum,
1641 2057 1825 2104 attineri
1863 2070 1887 2102 a

217 2140 270 2172 se
299 2123 586 2185 Vologesen
614 2139 702 2188 pro
732 2125 940 2188 pignore
965 2127 1200 2175 amicitiae
1231 2133 1544 2174 ostentantes,
1604 2139 1692 2173 eos
1719 2140 1886 2187 regre-

216 2193 405 2242 dientes
434 2192 678 2256 Corbu10,
716 2209 777 2242 ne
799 2194 1079 2259 Euphraten
1107 2198 1398 2259 transgressi
1424 2195 1628 2244 hostium
1656 2194 1888 2243 custodiis

217 2264 706 2326 circumvenirentur,
759 2263 870 2312 dato
905 2265 1148 2329 praesidio
1184 2266 1243 2315 ad
1279 2266 1419 2315 litora
1454 2267 1598 2315 maris
1637 2264 1767 2313 rubri
1808 2263 1886 2312 de-

158 2347 199 2379 10
217 2332 376 2395 duxit,
425 2332 549 2381 unde
588 2334 748 2382 vitatis
783 2333 1064 2383 Parthorum
1112 2335 1283 2383 linibus
1323 2336 1501 2400 patrias
1539 2337 1587 2385 in
1632 2334 1773 2383 sedes
1810 2349 1887 2382 re-

214 2417 457 2452 meavere.

319 2473 401 2522 26.
441 2473 566 2534 Quin
609 2479 656 2520 et
682 2471 924 2520 Tiridaten
964 2488 1052 2536 per
1077 2474 1248 2523 Medos
1286 2483 1500 2522 extrema
1534 2475 1790 2522 Armeniae
1819 2476 1884 2520 in-

214 2551 441 2605 trantem,
469 2542 738 2606 praemisso
767 2557 872 2590 cum
899 2543 1086 2592 auxiliis
1112 2544 1355 2592 Verulano
1386 2545 1577 2607 legato,
1608 2552 1750 2607 atque
1778 2544 1885 2606 ipse

215 2612 491 2675 legionibus
520 2613 655 2675 citis,
685 2611 818 2660 abire
846 2612 1014 2676 procul
1042 2605 1099 2662 ac
1126 2629 1260 2677 spem
1290 2614 1405 2662 belli
1427 2616 1646 2662 omittere
1665 2611 1883 2674 subegit;

216 2697 436 2746 quosque
479 2681 620 2730 nobis
658 2696 862 2730 aversos
905 2683 1072 2730 animis
1105 2691 1432 2747 cognoverat,
1473 2682 1700 2732 caedibus
1736 2689 1784 2729 et
1817 2682 1882 2729 in-

176 2752 404 2800 bcendiis
446 2750 820 2816 perpopulatuS,
881 2754 1246 2816 possessionem
1299 2753 1555 2802 Armeniae
1603 2750 1882 2814 usurpabat,

217 2835 321 2868 cum
360 2821 550 2869 advenit
580 2820 818 2883 Tigranes
856 2836 880 2869 a
916 2821 1113 2871 Nerone
1151 2823 1208 2871 ad
1251 2821 1598 2887 capessendum
1633 2821 1880 2884 imperium

215 2890 458 2952 delectus,
502 2888 844 2955 Cappadocum
873 2905 935 2938 ex
968 2891 1239 2954 nobilitate,
1281 2894 1412 2954 regis
1441 2890 1671 2938 Archelai
1710 2905 1879 2953 ηεροδ,
