1976 3224
623 206 796 242 LIBER
831 206 891 243 11.
931 205 1056 244 CAP.
1093 204 1310 247 52-56-
1454 257 1458 260 .
1736 196 1801 246 65

125 339 230 382 set:
260 331 350 381 hos
378 332 502 380 enim
529 347 639 380 esse
668 332 951 381 Mithridatis
983 332 1213 381 adversus
1241 332 1446 394 Sullam,
1488 332 1683 380 Antonii
1721 330 1813 381 ad?

126 416 298 450 versus
319 401 475 449 divum
495 401 762 464 Augustum
783 403 964 450 socios
1006 404 1145 451 etiam
1165 401 1653 464 vetera‘obiectabat,
1677 417 1800 465 quae

125 473 172 518 in
198 471 491 519 Macedones
519 471 807 535 inprospere
824 508 838 533 ‚
877 471 1116 519 violenter
1141 473 1187 520 in
1213 486 1325 519 suos
1353 472 1612 534 fecissent,
1634 472 1798 520 *offen-

127 555 207 588 sus
233 539 337 587 urbi
368 542 562 604 propria
595 555 786 605 quoque
813 541 907 603 ira,
937 541 1046 605 quia
1069 541 1386 605 Theophilum
1409 540 1643 604 quendam
1664 541 1796 589 Areo

126 609 303 658 iudicio
329 609 437 657 falsi
467 609 731 658 damnatum
759 610 986 674 precibus
1015 611 1111 658 suis
1136 624 1231 658 non
1258 610 1597 658 concederent.
1666 611 1791 659 exim
1816 626 1856 660 ιι)

126 679 430 740 navigatione
468 679 617 728 celeri
655 695 744 743 per
782 678 1021 740 Cycladas
1059 687 1107 728 et
1150 679 1435 743 compendia
1471 681 1616 727 maris
1659 679 1795 728 adse-

126 749 283 812 quitur
327 747 656 797 Germanicum
706 749 830 812 apud
874 749 1075 797 insulam
1122 749 1366 811 Rhodum,
1415 748 1539 796 haud
1585 749 1797 797 nescium

125 816 295 881 quibus
332 817 727 866 insectationibus
767 818 942 882 petitus
978 819 1130 867 foret:
1172 818 1258 866 sed
1283 825 1412 866 tanta
1436 818 1797 867 mansuetudine

124 886 327 950 agebat,
355 894 428 949 ut,
457 902 561 935 cum
586 895 691 936 orta
719 894 980 950 tempestas
1011 895 1206 951 raperet
1230 889 1278 937 in
1304 886 1503 951 abrupta
1531 895 1796 951 possetque

122 956 337 1004 interitus
378 957 554 1004 inimici
592 957 652 1005 ad
690 972 850 1005 casum
892 957 1097 1020 referri,
1138 957 1319 1004 miserit
1353 957 1560 1004 triremis
1599 971 1795 1021 quarum
1820 971 1859 1004 15

123 1024 334 1074 subsidio
362 1025 621 1074 discrimini
652 1028 954 1074 eximeretur.
1014 1041 1172 1090 neque
1202 1033 1358 1074 tamen
1393 1026 1634 1088 mitigatus
1659 1026 1791 1088 Piso,

123 1101 171 1143 et
201 1095 282 1143 vix
320 1093 416 1142 diei
450 1109 631 1144 moram
669 1110 935 1160 perpessus
966 1095 1134 1160 linquit
1165 1095 1496 1145 Germanicum
1523 1098 1792 1159 praevenit-

124 1178 233 1228 que.
281 1171 330 1212 et
356 1171 611 1228 postquam
637 1165 820 1214 Suriam
849 1179 906 1212 ac
931 1165 1156 1227 legiones
1183 1166 1364 1227 attigit,
1388 1165 1669 1227 largitione,
1699 1181 1797 1213 am-

85 1233 246 1295 »bitu,
282 1234 470 1281 intimos
506 1234 866 1298 manipularium
902 1234 1133 1298 iuvando,
1183 1250 1288 1282 cum
1328 1241 1520 1282 veteres
1557 1236 1797 1284 centurio-

121 1318 231 1365 neS,
281 1317 486 1351 severos
531 1303 745 1352 tribunos
782 1303 1062 1352 demoveret
1099 1304 1302 1368 locaque
1340 1318 1506 1352 eorum
1542 1301 1799 1353 clientibus
1818 1312 1860 1347 20

122 1372 220 1420 suis
247 1371 324 1420 vel
353 1371 611 1420 deterrimo
642 1375 813 1436 cuique
844 1372 1151 1436 attribueret,
1182 1373 1408 1421 desidiam
1437 1375 1483 1420 in
1511 1375 1704 1435 castris,
1745 1375 1800 1422 li-

122 1441 325 1490 centiam
353 1442 399 1489 in
424 1442 620 1491 urbibus
636 1480 649 1505 ,
678 1458 853 1505 vagum
878 1457 936 1491 ac
960 1443 1292 1491 lascivientem
1315 1457 1403 1506 per
1428 1457 1576 1505 agros
1601 1442 1801 1491 militem

121 1512 326 1573 sineret,
366 1515 434 1559 *eo
471 1527 621 1575 usquc
661 1513 986 1576 corruptionis
1031 1519 1292 1576 provectus
1328 1520 1428 1574 est,
1484 1518 1531 1559 ut
1573 1526 1801 1561 sermone

119 1579 253 1642 vulgi
282 1595 457 1644 parens
483 1581 728 1644 legionum
755 1581 1029 1630 haberetur.
1093 1597 1184 1630 nec
1210 1582 1437 1630 Plancina
1474 1595 1528 1629 se
1565 1581 1691 1631 intra
1718 1583 1798 1630 de-

129 1663 242 1697 cora
268 1649 453 1698 feminis
480 1650 698 1714 tenebat,
738 1651 823 1699 sed
850 1651 1083 1699 exercitio
1122 1653 1356 1715 equitum,
1397 1649 1683 1699 decursibus
1719 1666 1797 1699 co·
1816 1664 1861 1697 25

35 1759 42 1767 s
119 1717 323 1767 hortium
358 1720 624 1786 interesse,
662 1721 708 1768 in
735 1720 1076 1785 Agrippinam,
1116 1721 1162 1768 in
1194 1719 1524 1770 Germanicum
1551 1728 1801 1769 contume-

119 1786 208 1835 lias
243 1780 431 1851 iacere,
467 1789 747 1852 quibusdam
785 1791 926 1839 etiam
964 1789 1197 1838 bonorum
1235 1790 1430 1838 militum
1466 1789 1525 1838 ad
1559 1791 1688 1839 mala
1715 1790 1798 1839 ob-

120 1857 286 1920 sequia
326 1860 584 1921 promptiS,
634 1860 762 1923 quod
797 1859 922 1907 haud
957 1860 1105 1908 invito
1142 1861 1434 1924 imperatore
1475 1874 1533 1908 ea
1570 1860 1599 1907 fi
1639 1862 1679 1908 ri
1718 1875 1798 1909 oc-

122 1925 275 1974 cultus
299 1941 459 1974 rumor
483 1927 752 1976 incedebat.
802 1935 916 1976 nota
943 1929 1064 1976 haec
1090 1927 1374 1977 Germanico
1391 1965 1405 1991 ,
1437 1928 1523 1977 sed
1551 1930 1799 1994 praeverti

119 1994 178 2043 ad
203 1994 453 2044 Armenios
478 1997 725 2045 instantior
752 2011 865 2045 cura
894 1997 996 2044 fuit.
1815 2013 1859 2047 30

227 2065 309 2115 56.
355 2065 592 2128 Ambigua
642 2081 763 2129 gens
813 2080 870 2114 ea
920 2067 1174 2130 antiquitus
1222 2066 1459 2115 hominum
1497 2066 1715 2130 ingeniis
1753 2075 1801 2116 et

119 2134 211 2181 situ
247 2141 504 2197 terrarum,
540 2137 759 2199 quoniam
798 2137 974 2184 nostris
1017 2136 1278 2199 provinciis
1298 2135 1397 2183 vlate
1429 2143 1684 2199 praetenta
1716 2152 1799 2201 pe-

119 2203 243 2251 nitus
269 2203 328 2251 ad
352 2204 522 2253 Medos
559 2205 848 2268 porrigitur;
890 2202 1203 2269 maximisque
1239 2205 1452 2269 imperiis
1479 2206 1721 2254 interiecti
1753 2214 1801 2254 et

122 2271 315 2336 saepius
353 2273 604 2322 discordes
650 2281 786 2334 sunt,
827 2274 1060 2322 adversus
1094 2273 1339 2322 Romanos
1372 2273 1483 2323 odio
1523 2281 1571 2323 et
1614 2277 1661 2323 in
1687 2275 1798 2325 Par-

121 2340 249 2389 thum
285 2342 476 2390 invidia.
540 2358 709 2406 regem
748 2343 829 2392 illa
868 2350 1154 2407 tempestate
1188 2357 1282 2392 non
1318 2342 1560 2392 habebant
1585 2382 1599 2406 ,
1636 2353 1797 2394 amoto
1819 2366 1839 2396 ,5

119 2410 352 2460 Vonone:
389 2412 475 2460 sed
504 2413 645 2460 favor
672 2413 875 2461 nationis
905 2413 1162 2462 inclinabat
1187 2413 1233 2460 in
1263 2411 1533 2474 Zenonem,
1575 2414 1815 2463 Polemoa

119 2480 193 2527 nis
227 2481 360 2543 regis
400 2481 582 2530 Pontici
624 2482 791 2544 filium,
837 2482 966 2546 quod
1007 2483 1046 2530 is
1084 2484 1233 2547 prima
1270 2482 1327 2531 ab
1358 2483 1555 2531 infantia
1586 2484 1798 2531 instituta

119 2556 168 2597 et
198 2549 372 2597 cultum
398 2550 731 2600 Armeniorum
756 2552 1041 2613 aemulatuS‚
1086 2558 1260 2600 venatu
1285 2552 1442 2615 epulis
1475 2559 1523 2599 et
1555 2567 1676 2616 quae
1705 2553 1799 2601 alia

118 2617 310 2667 barbari
330 2619 606 2681 celebrant
636 2634 870 2683 proceres
892 2620 1181 2685 plebemque
1202 2621 1331 2669 iuxta
1353 2620 1656 2670 devinxerat.
1708 2623 1797 2686 igi-

119 2694 195 2735 tur
230 2687 540 2737 Germanicus
574 2690 619 2735 in
656 2689 771 2736 urbe
810 2689 1066 2750 Artaxata,
1112 2688 1492 2751 adprobantibus
1536 2689 1795 2755 nobilibuS,
1815 2707 1858 2745 to

121 2757 404 2807 circumfusa
440 2757 760 2819 multitudine,
800 2758 988 2820 insigne
1026 2758 1211 2819 regium
1239 2759 1389 2821 capiti
1419 2759 1523 2806 eius
1554 2761 1798 2825 imposuit.

121 2827 271 2874 ceteri
306 2834 593 2875 venerantes
626 2842 792 2889 regem
835 2826 1081 2876 Artaxiam
1121 2823 1529 2890 consalutavere,
1563 2830 1692 2911 quod
1729 2831 1802 2879 illi

121 2894 403 2944 vocabulum
425 2896 690 2946 indiderant
717 2911 776 2944 cx
797 2898 988 2944 nomine
1014 2894 1158 2944 urbis.
1210 2904 1256 2945 at
1278 2895 1601 2962 Cappadoces
1631 2901 1676 2948 in
1698 2900 1798 2948 for-

187 2981 330 3012 τΑοῐτῑ
370 2982 484 3013 PARS
523 2983 549 3011 ῐ.
1505 2968 1535 3015 5

829 3067 863 3090 §-
