1976 3224
539 224 713 261 mmm
750 225 872 262 xm.
914 225 1038 262 CAP.
1069 223 1269 266 38—41.
1639 217 1740 268 243

72 351 401 415 adgrediendi.
434 366 526 399 nec
546 359 700 400 tamen
722 353 941 415 proximo
966 354 1137 402 itinere
1157 353 1328 402 ductae
1351 353 1591 416 legioneS,
1620 369 1742 418 quae

72 424 110 471 si
138 437 319 470 amnem
342 421 562 483 Araxen,
590 421 669 485 qui
693 423 880 469 moenia
907 422 1070 485 adluit,
1096 431 1243 488 ponte
1271 422 1740 486 transgrederentur,

72 491 158 540 sub
184 493 327 558 ictum
356 490 610 540 dabantur:
645 491 814 555 procul
842 498 890 539 et
914 490 1166 540 latioribus
1189 492 1321 540 vadis
1348 493 1600 541 transiere.
1759 512 1799 547 sc

174 563 259 612 40.
298 561 362 609 At
389 560 624 609 Tiridates
652 560 834 624 pudore
868 567 916 608 et
942 569 1096 624 metu,
1132 578 1191 610 ne
1218 564 1258 609 si
1298 563 1629 611 concessisset
1657 563 1740 612 ob-

73 630 257 693 sidioni,
285 629 400 678 nihil
430 631 536 695 opis
568 631 615 678 in
642 632 751 695 ipso
778 630 1050 694 videretur,
1091 633 1128 679 si
1168 631 1476 696 prohiberet,
1516 632 1741 696 inpeditis

70 701 191 750 locis
227 715 376 764 seque
416 707 463 748 et
495 708 748 764 equestres
786 701 956 765 copias
994 700 1243 765 inligaret,
1292 703 1452 750 statuit
1489 707 1739 766 postremo

69 769 327 819 ostendere
366 769 519 818 aciem
561 777 607 818 et
643 770 751 819 dato
790 769 868 818 die
907 770 1145 834 proelium
1183 773 1399 835 incipere
1432 771 1511 818 vel
1551 772 1738 820 simula-

66 842 195 889 tione
232 839 379 903 fugae
413 839 572 888 locum
607 839 760 889 fraudi
793 855 981 904 parare.
1038 841 1183 904 igitur
1207 848 1409 906 repente
1440 856 1612 904 agmen
1642 841 1737 892 Ro·
1757 859 1778 891 5

65 924 249 959 manum
277 908 630 973 circumfundit,
667 924 762 958 non
801 912 973 972 ignaro
1015 910 1136 959 duce
1174 919 1370 973 nostr0,
1407 912 1485 975 qui
1511 911 1619 959 viae
1654 927 1734 976 pa-

66 983 180 1029 riter
207 987 254 1029 et
283 994 475 1044 pugnae
503 987 845 1044 composuerat
872 981 1151 1029 exercitum.
1218 981 1369 1030 latere
1396 981 1566 1029 dextro
1598 984 1739 1031 tertia

66 1051 221 1114 legi0,
250 1050 441 1098 sinistro
471 1057 608 1099 sexta
633 1049 901 1113 incedebat,
928 1050 1095 1099 mediis
1118 1050 1484 1099 decumanorum
1509 1049 1735 1099 delectis:

65 1127 266 1184 recepta
302 1121 424 1168 inter
462 1120 654 1169 ordines
682 1121 1043 1184 impedimenta,
1081 1129 1129 1169 et
1166 1128 1352 1184 tergum
1382 1120 1511 1169 mille
1548 1121 1735 1184 equites

67 1189 346 1252 tuebantur,
387 1189 556 1253 quibus
591 1191 799 1239 iusserat
833 1198 880 1238 ut
917 1190 1200 1239 instantibus
1240 1191 1503 1239 comminus
1541 1191 1734 1238 resiste·
1757 1205 1780 1237 u

67 1267 198 1320 rent,
222 1258 424 1322 refugos
450 1273 546 1308 non
573 1267 906 1324 sequerentur.
951 1261 997 1308 in
1025 1260 1252 1309 cornibus
1278 1260 1430 1324 pedes
1458 1261 1735 1322 sagittarius

66 1337 114 1378 et
141 1336 304 1378 cetera
329 1343 493 1377 manus
519 1331 729 1393 equitum
752 1329 877 1391 ibat,
908 1330 1221 1394 productiore
1249 1343 1397 1378 cornu
1429 1331 1620 1378 sinistro
1650 1344 1738 1393 per

66 1401 155 1448 ima
199 1398 419 1463 collium,
459 1406 531 1461 ut,
573 1401 612 1448 si
650 1399 805 1448 hostis
844 1401 1143 1463 intravisset,
1180 1400 1340 1448 fronte
1366 1399 1501 1447 simul
1544 1406 1591 1446 et
1632 1400 1739 1445 sinu

67 1469 391 1533 exciperetur.
451 1468 692 1518 adsultare
731 1484 794 1518 ex
829 1469 1023 1518 diverso
1064 1469 1328 1530 TiridateS,
1366 1483 1461 1517 non
1498 1482 1650 1531 usque
1678 1467 1739 1515 ad

67 1539 206 1586 ictum
232 1537 339 1602 teli,
369 1537 457 1586 sed
481 1545 575 1586 tum
601 1540 835 1601 minitanS,
863 1547 956 1587 tum
983 1541 1148 1604 specie
1176 1539 1478 1603 trepidantiS,
1509 1539 1548 1585 si
1570 1537 1735 1586 laxare
1758 1554 1798 1587 15

67 1607 259 1657 ordines
297 1614 345 1656 et
380 1607 602 1657 diversos
645 1611 914 1657 consectari
960 1617 1143 1674 posset.
1200 1609 1280 1657 ubi
1321 1607 1435 1655 nihil
1464 1608 1735 1655 temeritate

66 1677 294 1740 solutum,
334 1692 426 1726 nec
458 1678 660 1742 amplius
697 1693 835 1743 quam
874 1678 1071 1727 decurio
1101 1680 1311 1742 equitum
1341 1676 1592 1726 audentius
1622 1691 1735 1740 pro-

65 1762 264 1810 gressus
302 1754 350 1795 et
388 1749 573 1810 sagittis
608 1750 824 1798 confixus
861 1756 1056 1797 ceteros
1095 1748 1152 1797 ad
1184 1748 1468 1812 obsequium
1510 1746 1732 1810 exemplo

67 1817 361 1878 firmaverat,
394 1818 677 1880 propinquis
706 1819 796 1867 iam
826 1817 1040 1866 tenebris
1068 1818 1324 1867 abscessit.

170 1887 255 1935 41.
289 1884 351 1933 Et
379 1884 591 1934 Corbulo
632 1895 788 1935 castra
824 1888 871 1934 in
898 1887 1012 1936 loco
1042 1895 1273 1948 metatuS,
1315 1902 1373 1935 an
1401 1886 1641 1951 expeditis
1669 1885 1737 1933 le-

65 1954 290 2019 gionibus
338 1962 482 2004 nocte
531 1954 764 2005 Artaxata
811 1963 1045 2019 pergeret
1091 1956 1376 2019 obsidioque
1419 1955 1740 2004 circumdaret

66 2025 282 2088 agitavit,
311 2025 617 2073 concessisse
643 2025 757 2073 illuc
777 2024 1019 2074 Tiridaten
1041 2033 1186 2074 ratus.
1237 2025 1344 2073 dein
1371 2032 1626 2088 postquam
1654 2039 1737 2071 ex·

70 2094 342 2159 ploratores
381 2094 582 2143 attulere
611 2094 923 2158 longinquum
959 2097 1093 2157 regis
1120 2096 1211 2143 iter
1251 2101 1296 2143 et
1320 2094 1448 2142 Medi
1477 2109 1534 2142 an
1562 2092 1738 2141 Albani

64 2170 344 2229 peterentur
373 2165 626 2226 incertum,
669 2164 824 2213 lucem
852 2165 1129 2228 opperitur,
1171 2165 1433 2229 praemissa
1460 2163 1556 2212 levi
1583 2177 1733 2210 arma·
1757 2179 1777 2210 5

64 2241 192 2296 tura,
232 2247 354 2297 quae
378 2247 541 2282 muros
569 2235 755 2282 interim
790 2233 990 2282 ambiret
1020 2235 1525 2299 oppugnationemque
1555 2234 1737 2280 eminus

65 2304 317 2367 inciperet.
382 2302 468 2351 sed
504 2303 731 2368 oppidani
772 2304 923 2367 portis
960 2311 1133 2368 sponte
1174 2302 1428 2368 patefactis
1465 2318 1519 2351 se
1553 2316 1737 2365 suaque
1799 2368 1804 2369 ⁷

0 2368 3 2431 ζ
64 2372 292 2421 Romanis
342 2373 634 2436 permisere,
696 2373 822 2437 quod
877 2372 1078 2421 salutem
1130 2374 1250 2437 ipsis
1293 2372 1424 2421 tulit:
1488 2371 1736 2420 Artaxatis

64 2442 191 2505 ignis
235 2443 456 2490 inmissus
499 2441 753 2507 deletaque
798 2451 845 2491 et
890 2443 997 2491 solo
1046 2451 1249 2506 aequata
1300 2449 1434 2504 sunt,
1492 2443 1600 2504 quia
1644 2454 1736 2487 nec

65 2513 216 2560 teneri
255 2511 359 2560 sine
385 2510 547 2559 valido
574 2512 817 2576 praesidio
858 2511 919 2560 ob
947 2512 1318 2575 magnitudinem
1343 2511 1607 2571 moenium,
1643 2523 1734 2556 neo
1756 2527 1793 2560 ιο

67 2579 113 2628 id
159 2580 297 2630 nobis
340 2582 508 2629 virium
556 2588 685 2643 erat,
741 2581 867 2645 quod
912 2581 1140 2629 firmando
1189 2579 1432 2645 praesidio
1478 2586 1524 2627 et
1564 2593 1735 2641 capes-

0 2660 3 2671 *
68 2650 219 2699 sendo
255 2650 386 2699 bello
425 2649 745 2713 divideretur,
787 2650 862 2698 vel
900 2652 938 2698 si
976 2652 1162 2712 integra
1199 2657 1246 2697 et
1278 2648 1564 2697 incustodita
1592 2647 1734 2695 relin-

0 2711 1 2724 ’
70 2727 350 2784 querentur,
391 2720 520 2768 nulla
553 2720 602 2767 in
635 2733 694 2767 eo
722 2720 898 2768 utilitas
933 2726 1010 2767 aut
1046 2719 1203 2781 gloria
1233 2718 1357 2782 quod
1384 2723 1521 2781 capta
1554 2723 1733 2765 essent.

69 2789 266 2839 adicitur
305 2790 581 2839 miraculum
606 2788 739 2837 velut
775 2790 963 2837 numine
990 2787 1223 2837 oblatum:
1266 2803 1370 2836 nam
1402 2794 1571 2843 cuncta
1598 2793 1735 2834 extra

75 2859 234 2921 [tectis
260 2860 477 2923 actenus]
511 2859 613 2908 sole
641 2858 856 2907 inlustria
884 2858 1044 2912 suere;
1079 2857 1205 2920 quod
1231 2856 1478 2906 moenibus
1506 2854 1730 2919 cingeba-
1750 2869 1789 2901 15

71 2935 172 2991 tur,
199 2934 400 2993 repente
426 2930 487 2977 ita
516 2935 614 2978 atra
641 2927 765 2976 nube
788 2934 1070 2993 coopertum
1090 2927 1455 3027 fulgoribusque
1478 2925 1731 2974 discretum
