2008 3230
707 196 882 235 mmm
902 197 937 234 1.
963 196 1086 235 CAP.
1110 196 1307 240 41—45.
1787 186 1853 236 23

184 324 339 373 ritudo
366 324 452 385 sit,
481 323 768 372 subvenisse
793 323 1011 374 Romano
1038 326 1240 388 nomini,
1278 327 1631 390 compressisse
1661 324 1853 374 Germa-

182 395 290 442 niae
321 393 549 458 popuIOS.
600 401 706 455 tua,
737 394 845 443 dive
873 394 1119 458 Auguste,
1157 395 1294 443 caelo
1322 403 1525 460 recepta
1556 409 1719 457 menS,
1759 402 1854 455 tua,

184 471 322 528 pater
349 462 508 511 Druse
527 499 541 526 ,
580 463 765 526 imago,
809 465 875 512 tui
901 466 1129 512 memoria
1155 464 1307 513 isdem
1347 465 1450 514 istis
1480 479 1583 514 oum
1606 464 1852 525 militibus,
1876 480 1915 513 10

185 547 306 597 quos
334 534 426 580 iam
458 533 614 596 pudor
640 540 688 581 et
715 533 873 596 gloria
899 535 1066 595 intrat,
1105 534 1266 582 eluant
1303 534 1426 582 hanc
1471 535 1706 583 maculam
1738 535 1854 582 iras-

185 618 278 666 que
310 602 480 651 civiles
509 603 556 649 in
586 602 781 650 exitium
813 602 1032 652 hostibus
1075 610 1278 652 vertant.
1352 617 1439 651 vos
1479 617 1700 667 quoque,
1737 616 1853 667 quo·

182 686 283 724 rum
311 671 403 720 alia
428 686 554 719 nunc
581 685 683 733 ora,
714 672 806 720 alia
832 679 1035 737 pectora
1067 680 1329 735 contueor,
1359 674 1398 720 si
1432 673 1622 736 legatos
1650 673 1852 732 senatui,

182 733 466 806 obsequium
490 741 794 805 imperatori,
839 743 879 791 si
919 742 1031 790 mihi
1072 743 1327 806 coniugem
1366 750 1413 790 et
1454 743 1598 790 filiurn
1633 741 1852 802 redditis,

182 811 419 860 discedite
447 825 473 859 a
504 818 728 859 contactu
754 825 811 860 ac
840 804 1035 860 dividite
1062 812 1306 860 turbidos:
1333 811 1380 860 id
1408 811 1582 860 stabile
1605 811 1664 860 ad
1685 812 1912 875 paeni-15

180 881 391 942 tentiam,
421 880 467 929 id
493 879 604 929 fidei
629 881 869 929 vinculum
901 883 1006 930 erit.
1021 883 1038 907 ’

283 951 368 1000 44.
409 950 669 1014 Supplices
699 950 758 998 ad
783 950 907 998 haec
941 959 988 999 et
1022 965 1138 999 vera
1177 950 1464 1015 exprobrari
1500 951 1707 999 fatentes
1747 963 1852 997 ora-

179 1019 291 1081 bant
316 1020 507 1083 puniret
533 1020 735 1081 noxiOS,
768 1021 1052 1083 ignosceret
1080 1020 1230 1084 lapsis
1261 1028 1308 1068 et
1335 1021 1536 1069 duceret
1564 1020 1610 1067 in
1636 1018 1852 1067 hostem:

179 1096 496 1138 revocaretur
524 1090 766 1151 coniunx,
796 1090 977 1138 rediret
1004 1090 1247 1152 legionum
1287 1090 1501 1138 alumnus
1541 1103 1666 1136 neve
1706 1102 1855 1152 opses

181 1158 331 1208 Gallis
356 1159 645 1207 traderetur.
709 1159 912 1207 reditum
939 1159 1239 1223 Agrippinae
1266 1161 1518 1208 excusavit
1541 1157 1602 1206 o‘b
1624 1158 1852 1206 inminen-

178 1235 276 1276 tem
313 1236 499 1339 parturq
537 1235 585 1275 et
620 1228 854 1285 hiemem;
882 1236 1131 1276 venturum
1159 1229 1330 1277 filium:
1376 1237 1540 1277 cetera
1575 1228 1670 1291 ipsi
1708 1242 1848 1275 exse·
1871 1248 1890 1279 5

182 1305 458 1363 querentur.
533 1297 802 1346 discurrunt
838 1299 1003 1347 mutati
1047 1305 1094 1346 et
1139 1299 1560 1347 seditiosissimum
1614 1311 1855 1361 quemque

178 1368 368 1416 vinctos
402 1366 593 1416 trahunt
625 1367 683 1416 ad
713 1367 874 1431 legatu
966 1367 1175 1430 legionis
1212 1369 1394 1431 primae
1434 1366 1487 1416 C.
1527 1365 1853 1425 Caetronium,

180 1439 260 1501 qui
284 1437 508 1485 iudicium
545 1443 593 1484 et
627 1383 924 1518 ‘poenasg
948 1437 1149 1500 singulis
1175 1438 1221 1485 in
1247 1437 1371 1486 hunc
1397 1438 1589 1485 modum
1617 1436 1853 1483 exercuit.

178 1505 379 1562 stabant
393 1521 481 1570 pro
510 1507 734 1555 contione
762 1507 983 1570 legiones
1011 1507 1257 1555 destrictis
1282 1507 1482 1569 gladiis;
1521 1521 1634 1554 reus
1664 1505 1712 1552 in
1742 1519 1852 1566 sug-

174 1579 320 1650 'gestu
355 1591 444 1640 per
482 1575 716 1624 tribunum
754 1576 1126 1625 ostendebatur:
1176 1578 1217 1624 si
1252 1584 1509 1625 nocentem
1550 1574 1914 1624 adclamave-1o

151 1646 303 1708 ·²r'·,ant,
335 1661 578 1710 praeceps
612 1646 750 1694 datus
777 1645 1120 1694 trucidabatur.
1173 1653 1220 1694 et
1245 1645 1489 1709 gaudebat
1518 1643 1748 1694 caedibus
1770 1644 1853 1690 mi-

173 1715 273 1777 les,
297 1723 535 1797 tamquam
562 1722 716 1763 semet
747 1715 1050 1771 absolveret;
1081 1730 1174 1764 neo
1205 1713 1390 1764 Caesar
1412 1714 1635 1775 marcebat
1663 1711 1853 1777 quando

177 1785 309 1834 nullo
337 1786 488 1849 ipsius
514 1785 646 1833 iussu
671 1799 824 1848 penes
852 1785 1053 1833 eosdem
1082 1786 1283 1834 saevitia
1311 1785 1423 1833 facti
1454 1792 1503 1832 et
1532 1782 1707 1831 invidia
1734 1788 1852 1830 erat.

179 1856 333 1903 secuti
362 1855 633 1918 exemplum
658 1855 876 1902 veterani
902 1854 1026 1902 haud
1051 1854 1198 1903 multo
1221 1862 1333 1918 post
1355 1856 1402 1902 in
1423 1853 1643 1903 Raetiam
1666 1852 1854 1899 mittun-

181 1931 280 1987 tur,
311 1924 478 1987 specie
522 1923 858 1972 defendendae
895 1924 1174 1987 provinciae
1217 1924 1278 1972 ob
1315 1923 1600 1972 imminentis
1639 1920 1849 1980 Suebos,
1873 1932 1913 1964 15

181 2001 396 2042 ceterum
434 1999 485 2040 ut
532 1993 860 2041 avellerentur
895 1994 1064 2041 castris
1102 1993 1317 2041 trucibus
1365 1993 1520 2041 adhuc
1567 2006 1663 2041 non
1700 1989 1853 2037 minus

179 2063 442 2126 asperitate
482 2062 683 2110 remedii
731 2076 871 2126 quam
911 2062 1115 2110 sceleris
1151 2063 1398 2111 memoria.
1475 2061 1855 2109 centurionatum

178 2131 288 2181 inde
316 2132 430 2195 egit.
483 2132 653 2180 citatus
679 2131 738 2179 ab
773 2133 1067 2196 imperatore
1103 2146 1307 2194 nomen,
1354 2131 1598 2191 ordinem,
1634 2127 1852 2193 patriam,

177 2217 420 2250 numerum
449 2201 820 2264 stipendiorum,
862 2215 983 2264 quae
1019 2208 1213 2249 strenue
1249 2202 1295 2248 in
1327 2200 1526 2264 praeliis
1555 2199 1775 2259 fecisset,
1808 2203 1855 2244 et

179 2272 254 2320 cui
290 2278 426 2319 erant
467 2270 591 2319 dona
624 2271 873 2332 militaria,
912 2269 1104 2319 edebat.
1158 2272 1196 2318 si
1234 2269 1514 2331 tribuni„si
1553 2268 1686 2331 legio
1722 2265 1914 2314 indu-20

179 2342 341 2389 striam
384 2340 802 2403 innocentiamque
851 2339 1265 2403 adprobaverant,
1318 2338 1556 2388 retinebat
1608 2337 1852 2386 ordinem:

177 2409 257 2457 ubi
285 2410 527 2458 avaritiam
559 2417 637 2459 aut
667 2409 999 2458 crudelitatem
1028 2423 1268 2458 consensu
1306 2409 1716 2468 obiectavissent,
1755 2404 1852 2452 sol-

176 2478 382 2528 vebatur
402 2479 594 2527 militia.

281 2549 365 2596 45.
407 2548 489 2595 Sic
511 2549 793 2612 compositis
813 2548 1152 2611 praesentibus
1181 2547 1305 2595 haud
1331 2547 1484 2594 minor
1504 2545 1661 2593 moles
1684 2558 1853 2607 super-

179 2625 280 2666 erat
313 2617 374 2665 ob
413 2617 645 2666 ferociam
674 2618 866 2681 quintae
895 2624 944 2664 et
974 2617 1386 2665 unetvicensimae
1414 2615 1684 2677 legionum,
1714 2627 1853 2661 sexa-

177 2688 443 2749 gensimum
469 2687 593 2750 apud
627 2686 836 2750 lapidem
873 2686 1011 2748 (loco
1037 2686 1220 2732 Vetera
1251 2698 1426 2732 nomen
1464 2686 1563 2747 est)
1600 2682 1854 2730 hibernan-

178 2757 306 2804 tium.
365 2770 471 2804 nam
530 2756 667 2819 primi
715 2754 999 2802 seditionem
1069 2759 1457 2816 coeptaverantz.
1507 2751 1855 2800 atrocissimum

180 2825 407 2888 quodque
435 2825 619 2873 facinus
646 2823 812 2872 horum
848 2823 1063 2870 manibus
1100 2829 1360 2885 patratum:
1401 2836 1500 2870 nec
1530 2835 1690 2885 poena
1726 2834 1853 2868 com·
1874 2834 1893 2865 5

179 2893 438 2942 militonum
467 2894 684 2942 exterriti
712 2907 804 2940 nec
842 2893 1133 2956 paenitentia
1172 2891 1398 2939 conversi
1432 2891 1527 2939 iras
1565 2889 1853 2939 retinebant.
