1976 3224
253 201 320 249 64
665 209 942 248 CORNELII
975 208 1172 246 TACITI
1204 208 1512 246 ANNALIUM

191 359 235 391 25
254 348 469 389 senatum
494 338 783 394 celebravit;
813 344 862 385 et
890 336 1158 385 decrevere
1189 344 1352 400 patres
1378 335 1680 400 triumphalia
1703 337 1926 401 insignia,

254 410 383 474 quod
410 409 611 459 Camillo
639 407 702 455 ob
727 407 1008 455 modestiam
1036 409 1160 454 vitae
1187 408 1379 470 impune
1406 406 1507 454 fuit.

356 479 438 528 53.
476 480 698 543 Sequens
734 493 882 526 annus
915 477 1156 525 Tiberium
1191 477 1358 539 terti0,
1397 475 1729 538 Germanicum
1755 476 1927 524 iterum

254 550 481 599 consules
517 549 697 598 habuit.
776 547 863 595 sed
898 562 1004 595 eum
1042 546 1276 594 honorem
1307 545 1618 594 Germanicus
1662 546 1764 594 iniit
1800 545 1928 610 apud

253 620 419 668 urbem
457 619 672 668 Achaiae
701 617 1004 681 Nicopolim,
1042 631 1136 680 quo
1168 623 1367 664 venerat
1393 631 1482 680 per
1507 615 1748 677 Illyricam
1775 629 1926 677 oram,

253 691 360 738 viso
378 689 527 738 fratre
552 688 711 736 Druso
738 689 785 735 in
809 687 1046 735 Delmatia
1072 693 1273 749 agente,
1295 685 1558 734 Hadriatici
1582 701 1641 734 ac
1667 699 1782 732 mox
1804 684 1928 733 Ionii

212 760 395 809 smaris
432 759 683 808 adversam
718 758 1077 820 navigationem
1105 770 1386 820 perpessus
1442 756 1585 817 igitur
1609 769 1794 820 paucos
1823 754 1928 803 dies

251 829 503 893 insumpsit
541 827 835 876 reficiendae
859 827 1030 882 classi;
1063 826 1207 878 ,simul
1233 827 1363 874 sinus
1388 825 1590 875 Actiaca
1625 825 1827 874 victoria
1858 825 1927 872 in-

255 901 410 948 clutos
450 906 498 946 et
532 905 755 947 sacratas
785 897 844 945 ab
881 897 1105 958 Augusto
1141 895 1386 944 manubias
1434 903 1688 959 castraque
1733 894 1930 943 Antonii

255 985 359 1018 cum
387 968 729 1016 recordatione
756 968 986 1015 maiorum
1019 980 1211 1014 suorum
1239 965 1363 1014 adiit.
1418 980 1623 1029 namque
1650 965 1718 1027 ei,
1755 972 1807 1012 ut
1830 978 1928 1012 me-

252 1040 462 1100 moravi,
483 1038 763 1087 avunculus
799 1038 1077 1099 AugustuS,
1115 1051 1233 1084 avus
1267 1035 1504 1084 Antonius
1533 1042 1696 1097 erant,
1735 1048 1929 1096 magna-

197 1128 237 1160 10
257 1124 349 1173 que
380 1108 479 1156 illic
503 1108 663 1170 imago
690 1109 893 1155 tristium
927 1106 1274 1169 laetorumque.
1339 1105 1450 1153 hinc
1479 1112 1669 1153 ventum
1695 1104 1929 1167 AthenaS,

251 1179 538 1242 foederique
586 1178 750 1225 sociae
807 1185 855 1225 et
903 1183 1124 1224 vetustae
1170 1175 1302 1223 urbis
1341 1174 1500 1223 datum
1532 1182 1582 1223 ut
1621 1188 1716 1222 uno
1756 1174 1932 1222 lictore

252 1255 485 1297 uteretur.
546 1262 794 1311 excepere
829 1247 1002 1295 Graeci
1032 1246 1395 1309 quaesitissimis
1434 1243 1727 1306 honoribus,
1767 1251 1931 1292 vetera

254 1333 449 1366 suorum
496 1318 625 1365 facta
675 1317 899 1381 dictaque
939 1316 1305 1381 praeferentes,
1355 1329 1448 1378 quo
1495 1315 1604 1380 plus
1645 1313 1930 1376 dignationis

253 1388 430 1437 adultio
457 1387 674 1435 haberet.
1586 1393 1592 1396 ⁷
1639 1396 1641 1398 ·

362 1458 447 1506 54.
479 1456 633 1505 Petita
670 1456 781 1510 inde
809 1455 1013 1504 Euboea
1049 1457 1249 1505 tramisit
1277 1455 1514 1517 Lesbum,
1551 1454 1632 1503 ubi
1658 1455 1933 1518 Agrippina

254 1528 517 1577 novissimo
568 1533 707 1591 partu
752 1525 918 1575 Iuliam
968 1526 1126 1574 edidit.
1204 1533 1302 1573 tum
1343 1532 1559 1573 extrema
1592 1524 1741 1573 Asiae
1769 1523 1931 1572 Perin-

252 1598 479 1660 thumque
518 1611 576 1645 ac
610 1595 915 1659 Byzantium,
954 1596 1217 1645 Thraecias
1260 1595 1435 1657 urbeS,
1480 1609 1596 1642 mox
1624 1592 1933 1658 Propontidis

254 1668 498 1730 angustias
536 1674 583 1714 et
618 1680 672 1713 os
709 1666 960 1714 Ponticum
997 1668 1163 1728 intrat,
1214 1665 1438 1730 cupidine
1475 1672 1671 1713 veteres
1708 1664 1849 1712 locos
1886 1670 1936 1710 et

212 1747 232 1778 5
259 1738 382 1784 fama
410 1735 685 1783 celebratos
710 1736 966 1792 noscendi;
995 1737 1271 1799 pariterque
1298 1735 1575 1799 provincias
1601 1736 1800 1783 internis
1830 1748 1933 1781 cer-

251 1805 506 1854 taminibus
543 1813 622 1853 aut
657 1807 1015 1867 magistratuum
1055 1806 1237 1853 iniuriis
1269 1805 1428 1853 fessas
1455 1803 1728 1853 refovebat.
1790 1810 1936 1866 atque

254 1876 383 1924 illum
425 1876 471 1922 in
508 1889 742 1937 regressu
779 1891 918 1924 sacra
946 1875 1307 1924 Samothracum
1346 1876 1508 1923 visere
1546 1876 1778 1923 nitentem
1804 1873 1935 1922 obvii

255 1945 507 2009 aquilones
543 1944 793 2008 depulere.
866 1946 1013 2008 igitur
1046 1945 1174 1994 adito
1211 1944 1301 1993 Ilio
1341 1959 1561 2009 quaeque
1595 1944 1663 1992 ibi
1699 1944 1935 1992 varietate

254 2017 477 2064 fortunae
506 2022 553 2062 et
580 2015 733 2062 nostri
759 2016 950 2077 origine
974 2014 1277 2078 veneranda,
1315 2015 1495 2077 relegit
1518 2015 1685 2063 Asiam
1711 2013 1934 2079 adpellit-

198 2099 237 2130 10
257 2101 348 2150 que
391 2084 708 2148 Colophona,
746 2092 795 2133 ut
833 2084 979 2133 Clarii
1019 2085 1263 2149 Apollinis
1301 2084 1501 2134 oraculo
1537 2091 1768 2132 uteretur.
1838 2097 1936 2132 non

253 2157 429 2203 femina
458 2154 586 2215 illic,
627 2162 676 2202 ut
705 2154 831 2219 apud
855 2155 1105 2220 Delphos,
1150 2154 1237 2203 sed
1266 2156 1410 2203 certis
1437 2170 1465 2201 e
1490 2154 1680 2202 familiis
1709 2161 1758 2201 et
1781 2153 1936 2202 ferme

252 2225 420 2274 Mileto
457 2225 640 2272 accitus
666 2224 897 2273 sacerdos
923 2240 1167 2273 numerum
1192 2224 1336 2273 modo
1365 2223 1731 2272 consultantium
1768 2230 1816 2272 et
1847 2237 1934 2271 no·

253 2296 377 2342 mina
415 2294 565 2348 audit;
607 2301 702 2342 tum
740 2295 785 2342 in
822 2310 1021 2358 specum
1053 2295 1344 2356 degressuS,
1383 2293 1550 2342 hausta
1588 2294 1735 2342 fontis
1771 2293 1937 2341 arcani

254 2377 405 2427 aqua,
455 2363 651 2424 ignarus
692 2364 975 2427 plerumque
1024 2364 1270 2412 literarum
1321 2371 1368 2411 et
1418 2364 1674 2411 carminum
1718 2362 1815 2410 edit
1857 2377 1933 2410 re-

199 2448 239 2480 :5
257 2447 437 2497 sponsa
484 2432 709 2480 versibus
758 2435 1040 2496 compositis
1089 2448 1236 2497 super
1281 2432 1426 2480 rebus
1459 2448 1575 2496 quas
1623 2434 1728 2496 quis
1772 2439 1933 2480 mente

257 2504 500 2566 concepit.
555 2510 602 2549 et
632 2502 878 2550 ferebatur
901 2502 1186 2551 Germanico
1216 2518 1303 2567 per
1331 2501 1587 2566 ambages,
1615 2510 1665 2551 ut
1690 2516 1795 2550 mos
1826 2517 1931 2551 ora-

257 2572 399 2634 culis»,
426 2578 657 2620 maturum
684 2573 878 2620 exitium
907 2573 1164 2621 cecinisse.

359 2643 443 2691 55.
483 2640 548 2689 At
578 2640 664 2689 Cn.
706 2641 849 2705 Piso,
891 2656 985 2706 quo
1025 2644 1367 2707 properantius
1406 2642 1638 2690 destinata
1673 2643 1931 2706 inciperet,

256 2713 499 2759 civitatem
535 2710 901 2760 Atheniensium
935 2711 1124 2760 turbido
1161 2714 1353 2761 incessu
1389 2713 1666 2759 exterritam
1711 2712 1931 2760 oratione

257 2796 403 2828 saeva
424 2782 668 2844 increpat,
698 2781 893 2846 oblique
921 2781 1252 2831 Germanicum
1273 2783 1632 2846 perstringens,
1659 2781 1787 2844 quod
1815 2796 1929 2830 con·

254 2856 327 2896 tra
364 2849 512 2897 decus
538 2850 742 2899 Romani
778 2854 979 2900 nominis
1018 2866 1113 2899 non
1138 2852 1460 2899 Athenienses
1493 2858 1563 2898 tot
1593 2850 1807 2898 cladibus
1845 2866 1927 2899 ex-

214 2937 236 2967 s
257 2918 482 2979 stinctos,
514 2919 598 2966 sed
629 2921 896 2968 conluviem
923 2921 1049 2968 illam
1077 2923 1316 2969 nationum
1345 2922 1567 2968 comitate
1590 2922 1727 2969 nimia
1752 2921 1926 2969 coluis-
