1976 3224
284 199 387 248 272
707 210 979 247 CORNELII
1009 210 1202 246 TACITI
1234 209 1541 249 ANNAIAUM

285 354 404 402 gere
447 352 541 386 non
586 337 902 400 erubescunt,
954 338 1145 386 iniurias
1201 353 1310 385 suas
1361 336 1485 385 ultus
1533 343 1607 384 est
1657 338 1958 401 interfector,

286 409 391 472 quia
430 406 488 454 de
536 415 736 472 paterna
774 408 977 472 pecunia
1014 413 1317 469 transegerat
1349 413 1427 454 aut
1461 406 1635 455 avitum
1672 407 1955 472 mancipium

225 474 659 534 20detrahebatur‘?
722 477 1082 542 pronuntiemus
1136 476 1262 524 ultro
1318 474 1556 524 dominum
1608 476 1710 524 iure
1765 491 1955 525 caesum

287 547 451 595 videri.

388 618 472 665 44.
518 616 658 665 Libet
693 624 970 679 argumenta
1016 617 1305 680 conquirere
1348 617 1392 663 in
1433 630 1493 664 eo
1534 614 1661 679 quod
1700 615 1956 680 sapientio-

283 686 415 736 ribus
454 684 769 735 deliberatum
809 683 918 734 est?
969 686 1055 734 sed
1101 693 1150 733 et
1187 687 1226 734 si
1263 700 1388 733 nunc
1428 687 1624 750 primum
1658 684 1955 734 statuendum

284 756 599 819 haberemuS,
652 756 909 805 creditisne
957 770 1150 804 servum
1193 754 1509 804 interficiendi
1545 755 1720 816 domini
1755 754 1959 803 animum

286 827 577 891 sumpsisse,
620 833 670 874 ut
701 841 796 874 non
835 839 929 874 vox
965 826 1124 874 minax
1161 825 1436 887 excideret,
1486 824 1602 873 nihil
1644 839 1733 890 per
1769 825 1958 874 temeri-

246 904 425 950 5tatem
454 893 869 961 proloqueretur?
917 911 1034 944 sanc
1068 895 1318 944 consilium
1343 894 1627 958 occultavit,
1665 894 1810 943 telum
1836 895 1958 943 inter

283 968 482 1030 ignaros
522 967 735 1030 paravit:
775 981 882 1013 num
924 965 1153 1014 excubias
1192 966 1443 1027 transiret,
1489 963 1694 1013 cubiculi
1720 963 1857 1013 fores
1882 979 1960 1012 re·

285 1035 528 1099 eluderet,
561 1036 718 1084 lumen
742 1035 973 1098 inferret,
1014 1035 1211 1084 caedem
1241 1041 1454 1099 patraret
1489 1033 1708 1083 omnibus
1743 1031 1958 1082 nesciis?

283 1106 426 1154 multa
455 1105 660 1170 sceleris
695 1105 868 1153 indicia
896 1106 1237 1170 praeveniunt:
1277 1106 1406 1153 servi
1448 1105 1487 1152 si
1523 1103 1754 1169 prodant,
1787 1117 1958 1169 possu-

283 1191 384 1224 mus
412 1175 586 1238 singuli
612 1175 734 1223 inter
765 1175 947 1239 plureS,
980 1176 1065 1223 tuti
1092 1175 1215 1222 inter
1241 1175 1428 1238 anxios„
1463 1181 1740 1239 postremo,
1772 1173 1812 1222 si
1846 1188 1957 1238 per·

228 1262 268 1294 10
286 1245 487 1294 eundum
514 1245 599 1307 sit,
639 1259 733 1293 non
767 1244 902 1293 inulti
928 1246 1052 1292 inter
1077 1251 1312 1292 nocentes
1341 1258 1506 1307 agere.
1559 1250 1786 1308 suspecta
1813 1244 1953 1292 maio·

283 1315 416 1364 ribus
450 1316 627 1363 nostris
662 1315 855 1363 fuerunt
889 1315 1079 1378 ingenia
1121 1329 1397 1377 servorum,
1435 1313 1574 1362 etiam
1604 1328 1708 1362 cum
1745 1313 1791 1360 in
1827 1314 1959 1376 agris

289 1392 367 1434 aut
392 1384 611 1433 domibus
649 1384 802 1434 isdem
827 1391 1141 1433 nascerentur
1171 1385 1516 1447 caritatemque
1542 1382 1839 1432 dominorum
1866 1388 1959 1430 sta-

285 1456 364 1503 tim
390 1456 688 1519 acciperent.
745 1462 996 1519 postquam
1026 1468 1145 1502 vero
1173 1455 1394 1503 nationes
1421 1454 1467 1502 in
1494 1453 1686 1502 familiis
1711 1451 1958 1514 habemus,

285 1526 455 1590 quibus
486 1524 664 1572 diversi
694 1526 829 1586 rituS,
860 1531 1058 1572 externa
1087 1538 1226 1573 sacra
1258 1530 1336 1572 aut
1359 1523 1487 1572 nulla
1516 1531 1648 1586 sunt,
1689 1521 1960 1578 conluviem

226 1595 419 1647 mistam
458 1608 553 1643 non
594 1595 685 1643 nisi
724 1601 852 1642 metu
902 1595 1194 1642 coercueriS.
1269 1600 1315 1641 at
1356 1592 1543 1658 quidam
1583 1593 1796 1642 insontes
1833 1592 1960 1656 peri-

282 1664 414 1714 bunt.
468 1679 571 1712 nam
614 1672 662 1713 et
697 1680 758 1713 ex
794 1664 902 1726 fuso
943 1665 1160 1712 exercitu
1202 1677 1305 1711 cum
1339 1662 1566 1711 decumus
1602 1664 1805 1726 quisque
1847 1659 1962 1708 fusti

283 1735 466 1796 seritur,
494 1735 635 1782 etiam
657 1734 837 1783 strenui
860 1734 1135 1781 sortiuntur.
1181 1732 1325 1782 habet
1350 1732 1526 1796 aliquid
1548 1747 1611 1780 ex
1632 1733 1796 1795 iniquo
1818 1744 1959 1779 omne

283 1818 501 1866 magnum
553 1803 853 1868 exemplum,
903 1802 1029 1867 quod
1067 1810 1233 1851 contra
1273 1802 1492 1865 singulos
1528 1801 1730 1850 utilitate
1767 1799 1954 1864 publica

282 1872 600 1938 rependitur.’

387 1944 472 1992 45.
514 1943 790 1991 Sententiae
825 1940 979 1991 Cassii
1008 1949 1057 1990 ut
1091 1955 1231 1990 nemo
1260 1956 1379 1990 unus
1405 1948 1570 1990 contra
1599 1941 1669 1989 ire
1696 1955 1839 1990 ausus
1871 1948 1963 2004 est,

284 2015 345 2062 ita
384 2011 608 2062 dissonae
647 2027 798 2062 voces
842 2011 1206 2077 respondebant
1243 2026 1485 2059 numerum
1523 2018 1602 2059 aut
1640 2018 1843 2059 aetatem
1882 2016 1962 2059 aut

285 2097 449 2132 sexum
497 2098 555 2132 ac
601 2083 909 2148 plurimorum
957 2081 1196 2131 indubiam
1243 2081 1563 2129 innocentiam
1609 2081 1957 2128 miserantium:

286 2153 554 2218 praevaluit
586 2160 741 2202 tamen
776 2167 888 2217 pars
917 2166 1040 2216 quae
1073 2151 1358 2215 supplicium
1387 2149 1697 2199 decernebat.
1752 2148 1838 2198 sed
1875 2148 1958 2198 ob-

240 2224 542 2286 5temperari
583 2238 679 2272 non
726 2229 945 2287 poterat,
995 2221 1288 2284 conglobata
1333 2219 1628 2269 multitudine
1666 2226 1714 2268 et
1750 2233 1864 2267 saxa
1901 2232 1959 2272 ac

284 2294 420 2341 faces
456 2293 678 2341 minante.
734 2299 827 2340 tum
857 2290 1038 2340 Caesar
1075 2291 1305 2356 populum
1344 2290 1504 2339 edicto
1542 2290 1779 2354 increpuit
1815 2295 1959 2352 atque

286 2376 425 2409 omne
464 2363 583 2423 iter,
626 2377 719 2426 quo
754 2362 958 2410 damnati
999 2361 1056 2410 ad
1086 2375 1290 2426 poenam
1322 2359 1640 2422 ducebantur,
1674 2357 1959 2414 militaribus

285 2430 542 2496 praesidiis
569 2432 765 2496 saepsit.
821 2439 1074 2479 censuerat
1103 2429 1368 2493 Cingonius
1393 2431 1551 2479 Varro
1582 2437 1628 2478 ut
1655 2428 1814 2478 liberti
1840 2442 1956 2492 quo·

287 2516 398 2566 que,
432 2503 509 2565 qui
537 2500 623 2549 sub
652 2501 819 2549 eodem
848 2507 978 2548 tecto
1007 2501 1234 2562 fuissent,
1262 2499 1395 2548 Italia
1424 2498 1809 2564 deportarentur.
1861 2497 1903 2544 id
1929 2510 1956 2553 a

231 2587 267 2619 ιο
285 2571 506 2636 principe
537 2570 820 2635 prohibitum
848 2577 938 2632 est,
971 2586 1031 2617 ne
1060 2585 1165 2619 mos
1191 2571 1430 2634 antiquuS,
1460 2585 1600 2634 quem
1626 2566 1956 2617 misericordia

284 2656 378 2690 non
409 2642 656 2703 minuerat,
686 2655 773 2705 per
800 2640 1045 2689 saevitiam
1075 2639 1416 2688 intenderetur.

390 2711 473 2760 46.
512 2710 771 2759 Damnatus
818 2709 966 2758 isdem
1018 2709 1294 2758 consulibus
1335 2708 1605 2772 Tarquitius
1641 2707 1834 2756 Priscus
1881 2720 1955 2753 re-

286 2780 594 2844 petundarum
635 2780 848 2841 Bithynis
875 2779 1306 2843 interrogantibus,
1343 2792 1517 2841 magno
1548 2784 1731 2842 patrum
1760 2774 1955 2838 gaudio,

286 2850 363 2913 qui
411 2858 681 2899 accusatum
720 2849 778 2898 ab
820 2864 878 2898 eo
916 2850 1145 2898 Statilium
1186 2850 1386 2899 Taurum
1434 2860 1522 2911 pro
1559 2845 1760 2894 'consule
1805 2840 1976 2909 ipsius}

285 2920 609 2968 meminerant.
684 2934 855 2968 census
911 2934 999 2983 per
1045 2919 1222 2968 Gallias
1278 2935 1302 2967 a
1347 2918 1404 2978 Q.
1450 2915 1653 2964 Volusio
1698 2922 1744 2964 et
1786 2909 1976 2962 Sextio*
