1976 3224
244 192 339 239 142
678 200 951 240 CORNELII
973 202 1166 240 TAcrrl
1188 203 1496 243 ANNALIUM

339 331 421 380 61.
461 329 583 378 Fine
621 331 727 378 anni
764 344 1026 378 excessere
1062 332 1276 393 insignes
1313 334 1399 381 viri
1434 333 1630 382 Asinius
1668 335 1909 400 Agrippa,

236 398 379 448 claris
415 398 679 448 maioribus
718 415 856 463 quam
896 401 1098 448 vetustis
1132 402 1328 464 vitaque
1364 417 1458 451 non
1485 403 1730 468 degener,
1776 413 1823 454 et
1849 406 1905 467 Q.

232 468 470 532 HateriuS,
497 469 680 519 familia
707 471 963 533 senatoria,
993 469 1328 534 eloquentiae,
1367 487 1458 537 qua
1497 473 1557 522 ad
1593 474 1738 537 vixit,
1779 475 1906 524 cele-

231 538 425 588 bratae:
452 540 743 588 monimenta
771 540 933 602 ingeni
963 541 1067 588 eius
1092 539 1216 589 haud
1244 542 1447 605 perinde
1473 545 1752 592 retinentur.
1814 546 1904 593 sci-

190 607 345 657 slicet
368 609 550 673 impetu
577 610 730 672 magis
757 623 896 673 quam
925 624 1037 658 cura
1074 609 1294 674 vigebat:
1337 619 1483 678 utque
1521 613 1722 663 aliorum
1759 614 1904 663 medi·

231 679 348 727 tatio
374 685 423 727 et
447 679 591 728 labor
621 680 667 726 in
698 686 942 743 posterum
966 679 1196 743 valescit,
1230 683 1300 730 sic
1326 680 1508 732 Haterii
1536 697 1763 732 canorum
1790 684 1905 733 illud

232 755 278 795 et
307 748 554 812 profluens
586 763 692 797 cum
725 750 835 814 ipso
867 750 1004 798 simul
1030 751 1290 799 extinctum
1317 759 1406 800 est.

332 818 414 867 62.
453 819 516 871 Μ.
553 818 735 867 Licinio
769 818 820 866 L.
861 817 1122 882 Calpurnio
1169 821 1447 870 consulibus
1495 824 1757 887 ingentium
1803 823 1903 873 bel-

227 887 383 936 lorum
403 887 597 938 *cladem
623 890 848 952 aequavit
873 889 1045 938 malum
1070 891 1393 955 inprovisum:
1431 893 1533 940 eius
1560 893 1739 942 initium
1767 895 1902 943 simul

227 964 275 1005 et
299 957 404 1006 finis
431 959 627 1007 exstitit.
682 973 787 1007 nam
811 965 989 1022 coepto
1019 959 1144 1024 apud
1166 959 1395 1012 Fidenam
1422 961 1773 1027 amphitheatro
1799 965 1900 1013 Ati—

224 1027 316 1076 lius
343 1029 531 1092 quidam
574 1028 781 1076 libertini
816 1031 1042 1091 generiS,
1081 1044 1175 1094 quo
1217 1032 1547 1095 spectaculum
1584 1032 1902 1095 gladiatorum

183 1118 204 1149 5
228 1097 530 1161 celebraret,
577 1112 736 1163 neque
779 1097 1084 1149 fundamenta
1113 1114 1203 1165 per
1230 1100 1433 1151 solidum
1465 1101 1697 1167 subdidit,
1742 1118 1902 1169 neque

225 1167 368 1216 firmis
403 1166 612 1217 nexibus
647 1168 858 1231 ligneam
896 1183 1182 1234 compagem
1220 1174 1570 1236 superstruxit,
1611 1179 1661 1222 ut
1695 1174 1774 1238 qui
1806 1188 1901 1222 non

223 1236 509 1287 abundantia
538 1240 775 1303 pecuniae
816 1253 910 1286 nec
943 1240 1219 1305 municipali
1259 1240 1546 1304 ambitione,
1592 1242 1679 1292 sed
1716 1245 1764 1292 in
1797 1257 1900 1293 sor-

221 1307 376 1356 didam
410 1308 686 1357 mercedem
720 1308 768 1356 id
803 1310 1050 1371 negotium
1088 1311 1426 1375 quaesivisset.
1491 1312 1740 1363 adfluxere
1778 1313 1902 1374 avidi

219 1377 403 1440 talium,
432 1379 741 1443 imperitante
766 1376 963 1428 Tiberio
992 1380 1166 1444 procul
1192 1380 1518 1446 voluptatibus
1549 1382 1721 1446 habiti,
1758 1384 1899 1433 virile

165 1464 203 1497 πο
222 1462 279 1496 ac
302 1448 542 1497 muliebre
571 1463 731 1512 secus,
761 1449 914 1498 omnis
941 1457 1092 1513 aetas,
1123 1450 1184 1499 ob
1212 1453 1626 1517 propinquitatem
1655 1452 1753 1502 loci
1783 1453 1898 1502 effu·

217 1519 340 1575 sius;
371 1518 494 1567 unde
525 1517 724 1582 gravior
750 1520 904 1583 pestis
928 1519 1030 1583 fuit,
1065 1520 1283 1570 conferta
1308 1522 1461 1585 mole,
1499 1522 1608 1571 dein
1632 1521 1892 1586 convulsa,

216 1587 325 1636 dum
349 1589 441 1637 ruit
474 1590 604 1637 intus
632 1595 710 1637 aut
748 1589 796 1637 in
833 1591 1078 1640 exteriora
1116 1590 1370 1640 effunditur
1404 1594 1765 1658 inmensamque
1803 1595 1896 1642 vim

214 1658 509 1721 mortalium,
554 1658 838 1722 spectaculo
886 1659 1098 1709 intentos
1152 1667 1232 1709 aut
1272 1662 1350 1726 qui
1394 1661 1574 1711 circum
1623 1661 1893 1724 adstabant,

217 1742 460 1792 praeceps
488 1727 632 1776 trahit
660 1735 803 1792 atque
832 1731 1006 1793 operit.
1061 1737 1106 1777 et
1134 1729 1203 1778 illi
1229 1730 1433 1795 quidem,
1460 1746 1582 1796 quos
1607 1732 1894 1797 principium

160 1816 200 1849 ιε)
215 1797 391 1859 stragis
416 1799 463 1846 in
492 1804 693 1845 mortem
715 1797 978 1860 adflixerat,
1006 1806 1055 1848 ut
1076 1799 1331 1864 tali'sorte,
1362 1803 1622 1851 cruciatum
1647 1802 1888 1866 effugere:

213 1867 471 1916 miserandi
515 1869 669 1930 magis
706 1882 826 1932 quos
863 1867 1063 1934 abrupta
1099 1876 1236 1933 parte
1276 1871 1502 1935 corporis
1543 1871 1752 1921 nondum
1795 1873 1893 1920 vita

214 1937 521 1992 deseruerat;
568 1938 647 2001 qui
690 1951 779 2001 per
821 1937 945 1986 diem
987 1940 1117 2002 visu,
1163 1954 1266 2002 per⁴
1294 1947 1484 1990 noctem
1535 1941 1793 1991 ululatibus
1846 1949 1895 1990 et

212 2008 391 2069 gemitu
428 2008 666 2069 coniuges
697 2014 776 2056 aut
798 2007 984 2057 liberos
1014 2008 1299 2058 noscebant.
1350 2012 1442 2059 iam
1475 2012 1625 2076 ceteri
1660 2011 1783 2062 fama
1811 2027 1892 2061 ex-

215 2077 310 2138 citi,
342 2075 420 2125 hic
448 2076 672 2139 fratrem,
715 2079 1036 2142 propinquum
1064 2078 1172 2140 ille,
1211 2078 1332 2129 alius
1370 2088 1597 2145 parentes
1622 2081 1891 2130 lamentari.

150 2160 194 2193 ’.ο
212 2147 354 2195 etiam
379 2147 583 2210 quorum
610 2146 801 2195 diversa
829 2147 888 2195 de
918 2163 1060 2197 causa
1089 2150 1226 2196 amici
1257 2156 1337 2199 aut
1363 2151 1630 2217 necessarii
1669 2150 1888 2213 aberant,

209 2230 391 2278 pavere
421 2223 604 2273 tamem
632 2217 902 2281 nequedum
931 2226 1182 2282 comperto
1211 2232 1334 2282 quos
1359 2219 1442 2268 illa
1473 2219 1546 2268 vis
1574 2220 1887 2286 perculisset,

207 2283 350 2333 latior
379 2299 442 2332 ex
466 2287 653 2334 incerto
681 2294 852 2335 metus.

311 2353 399 2403 63.
431 2354 495 2403 Ut
523 2369 736 2420 coepere
763 2356 998 2405 dimoveri
1026 2355 1210 2419 obruta,
1240 2371 1504 2407 concursus
1543 2359 1600 2407 ad
1639 2361 1886 2409 exanimos

208 2423 663 2488 complectentium,
712 2426 1052 2482 osculantium;
1102 2433 1149 2473 et
1184 2441 1334 2491 saepe
1364 2425 1649 2492 certamen,
1695 2431 1735 2477 si
1772 2443 1885 2478 con-

203 2492 357 2542 fusior
385 2492 563 2556 facies,
606 2494 693 2543 sed
728 2495 1007 2559 pariorma
1052 2502 1130 2543 aut
1163 2503 1296 2545 aetas
1338 2511 1553 2547 errorem
1579 2497 1883 2562 adgnoscen-

204 2562 329 2611 tibus
375 2562 577 2614 fecerat.
638 2566 982 2629 quinquaginta
1020 2563 1260 2614 hominum
1294 2567 1423 2616 milia
1465 2583 1523 2617 eo
1567 2582 1681 2617 casu
1714 2568 1882 2617 debili-

166 2640 303 2682 stata
342 2633 423 2682 vel
459 2633 635 2684 obtrita
674 2642 803 2692 sunt;
843 2641 1126 2697 cautumque
1162 2637 1208 2684 in
1245 2644 1490 2700 posterum
1534 2644 1728 2687 senatus
1769 2653 1879 2686 con-

204 2702 353 2765 sulto,
378 2718 438 2751 ne
468 2706 574 2767 quis
601 2703 941 2768 gladiatorium
966 2719 1134 2752 munus
1162 2705 1346 2770 ederet,
1382 2709 1456 2756 cui
1481 2708 1638 2756 minor
1659 2708 1881 2772 quadrin-

202 2780 461 2834 gentorum
486 2773 661 2823 milium
690 2790 793 2837 res,
829 2789 953 2823 neve
994 2774 1388 2838 amphitheatrum
1426 2777 1754 2840 imponeretur
1790 2778 1880 2825 nisi

203 2841 310 2889 solo
349 2842 581 2892 firmitatis
608 2851 872 2907 spectatae.
933 2844 1109 2892 Atilius
1139 2845 1186 2892 in
1213 2846 1405 2894 exilium
1431 2852 1565 2898 actus
1603 2853 1690 2894 est.
1749 2853 1877 2895 cete-

202 2925 304 2959 rum
337 2911 424 2958 sub
451 2920 696 2961 recentem
724 2913 908 2963 cladem
937 2920 1137 2977 patuere
1163 2930 1422 2979 procerum
1451 2915 1635 2978 domuS,
1662 2915 1878 2965 fomenta
