1976 3224
248 204 347 252 124
660 212 932 257 CORNELII
967 210 1160 248 TACITI
1194 211 1500 249 ANNALmM

244 340 443 390 vendas,
504 355 617 388 mox
650 338 961 402 Numantina,
1006 340 1141 403 prior
1183 353 1306 387 uxor
1353 340 1482 402 eiuS,
1529 347 1754 388 accusata
1798 341 1913 389 inie-

247 411 372 459 cisse
400 409 684 459 carminibus
711 417 758 457 et
782 410 1030 457 veneficiis
1070 407 1378 457 vaecordiam
1411 411 1606 472 marit0,
1646 411 1810 458 insons
1848 411 1893 457 iu

247 479 447 528 dicatur.
1653 518 1658 522 .

338 549 434 604 (23.
475 548 527 596 Is*
551 548 735 597 demum
765 564 914 598 annus
941 548 1170 612 populum
1196 548 1462 596 Romanum
1488 548 1638 611 longo
1660 549 1915 597 adversum

243 618 491 668 Numidam
527 618 879 667 Tacfarinatem
915 617 1048 666 bello
1088 617 1313 666 absolvit.
1379 632 1485 666 nam
1531 619 1722 682 priores
1766 617 1915 667 duces

243 688 323 738 ubi
353 687 654 753 impetrando
698 687 1047 751 triumphalium
1076 687 1252 750 insigni
1285 687 1513 736 sufficere
1548 703 1628 737 res
1663 703 1774 737 suas
1812 703 1914 737 cre·

246 758 477 821 diderant,
503 757 692 807 hostem
720 757 1022 813 omittebant;
1060 759 1250 821 iamque
1287 764 1387 805 tres
1423 757 1669 808 laureatae
1709 760 1755 806 in
1795 757 1916 806 urbe

207 841 228 872 5
248 835 432 878 statuae
460 835 508 876 et
535 827 686 876 adhuc
714 827 935 892 raptabat
961 827 1174 876 Africam
1200 827 1507 889 TacfarinaS,
1538 835 1705 876 auctus
1727 827 1915 877 Mauro-

243 913 347 947 rum
372 897 584 960 auxiliis,
634 901 738 963 qui,
775 897 1056 946 Ptolemaeo
1093 896 1240 945 Iubae
1279 896 1379 945 filio
1415 898 1607 947 iuventa
1650 899 1914 947 incurioso.

244 967 447 1016 libertos
476 968 644 1030 regios
671 976 718 1016 et
745 967 939 1016 servilia
964 967 1164 1031 imperia
1191 966 1322 1014 bello
1347 974 1659 1016 mutaverant.
1713 974 1816 1016 erat
1846 967 1916 1015 illi

247 1036 531 1102 praedarum
569 1045 801 1102 receptor
836 1052 893 1086 ac
928 1038 1090 1085 socius
1127 1035 1391 1101 populandi
1435 1052 1525 1091 rex
1564 1037 1915 1099 Garamantum,

245 1121 343 1156 non
378 1114 428 1154 ut
463 1121 569 1154 cum
606 1109 823 1156 exercitu
861 1106 1138 1170 incederet,
1187 1106 1275 1154 sed
1313 1107 1472 1155 missis
1518 1106 1707 1155 levibus
1747 1108 1914 1172 copiis,
1969 1114 1976 1122 '

189 1187 229 1219 10
248 1192 370 1241 quae
398 1191 458 1224 ex
484 1176 748 1241 longinquo
771 1178 819 1225 in
838 1176 988 1225 maius
1008 1175 1340 1232 audiebantur;
1370 1178 1573 1240 ipsaque
1595 1192 1622 1225 e
1643 1177 1916 1241 provincia,

245 1254 294 1294 ut
322 1247 427 1310 quis
451 1246 642 1295 fortuna
670 1249 840 1312 inopS,
866 1245 1078 1295 moribus
1116 1245 1357 1309 turbiduS,
1395 1248 1662 1310 promptius
1697 1245 1916 1308 ruebant,

246 1316 354 1380 quia
394 1314 576 1364 Caesar
611 1325 723 1381 post
759 1332 840 1365 res
879 1332 905 1365 a
940 1316 1117 1364 Blaeso
1156 1323 1346 1379 gestaS,
1393 1317 1526 1379 quasi
1559 1316 1701 1365 nullis
1737 1317 1829 1364 iam
1870 1316 1918 1363 in

244 1385 413 1434 Africa
437 1385 675 1449 hostibus,
706 1387 947 1450 reportari
975 1401 1149 1434 nonam
1177 1386 1419 1448 legionem
1446 1387 1679 1448 iusserat,
1707 1401 1799 1434 nec
1825 1399 1916 1450 pro

246 1454 446 1503 consule
474 1456 577 1504 eius
605 1457 714 1504 anni
740 1456 792 1505 P.
816 1455 1073 1504 Dolabella
1093 1455 1304 1503 retinere
1327 1471 1469 1504 ausus
1490 1464 1611 1518 erat,
1638 1456 1766 1504 iussa
1789 1456 1915 1519 prin·

190 1541 228 1572 15
250 1525 370 1589 cipis
395 1527 550 1588 magis
577 1540 716 1590 quam
741 1527 925 1574 incerta
955 1525 1072 1574 belli
1097 1532 1332 1573 metuens.

348 1593 431 1643 24.
467 1593 620 1658 Igitur
661 1595 943 1645 Tacfarinas
992 1594 1214 1658 disperso
1264 1609 1456 1642 rumore
1505 1610 1605 1645 rem
1655 1595 1917 1643 Romanam

246 1663 353 1712 aliis
390 1679 583 1728 quoque
619 1664 678 1714 ab
719 1665 989 1714 nationibus
1024 1665 1230 1713 lacerari
1269 1678 1426 1727 eoque
1474 1664 1700 1728 paulatim
1749 1663 1918 1712 Africa

244 1732 508 1796 decedere,
551 1748 608 1782 ac
646 1750 792 1798 posse
832 1735 1049 1798 reliquos
1089 1735 1448 1795 circumveniri,
1490 1734 1529 1781 si
1565 1734 1721 1782 cuncti
1748 1733 1917 1797 quibus

243 1801 443 1850 libertas
471 1804 669 1853 servitio
709 1806 872 1868 potior
907 1803 1262 1866 incubuissent,
1300 1810 1445 1867 auget
1481 1804 1611 1851 vires
1653 1803 1918 1867 positisque

204 1887 224 1919 5
247 1872 415 1921 castris
444 1871 748 1923 Thubuscum
786 1873 1015 1938 oppidum
1050 1872 1370 1922 circumsidet.
1432 1881 1480 1921 at
1511 1872 1767 1921 Dolabella
1806 1887 1916 1920 con-

242 1948 397 1990 tracto
439 1941 566 2006 quod
602 1951 706 1992 erat
741 1943 962 2004 militum,
1014 1951 1203 1992 terrore
1247 1943 1449 2007 nominis
1485 1943 1686 1992 Romani
1724 1949 1771 1990 et
1810 1943 1919 2006 quia

241 2010 472 2060 Numidae
507 2013 717 2075 peditum
753 2016 904 2062 aciem
940 2014 1071 2062 ferre
1106 2020 1376 2076 nequeunt,
1426 2013 1580 2077 primo
1621 2012 1693 2060 sui
1727 2012 1918 2060 incessu

243 2081 388 2129 solvit
415 2080 653 2130 obsidium
680 2083 994 2148 locorumque
1022 2089 1259 2146 oportuna
1291 2084 1599 2146 permunivit3
1630 2081 1766 2130 simul
1791 2081 1917 2145 prin-

244 2151 379 2215 cipes
406 2150 796 2201 Musulamiorum
824 2152 1146 2202 defectionem
1175 2159 1462 2216 coeptantes
1503 2152 1662 2200 securi
1696 2151 1917 2214 percutit.

185 2231 225 2264 ιο
245 2220 352 2268 dein
400 2221 506 2283 quia
559 2222 775 2285 pluribus
830 2222 1083 2271 adversum
1128 2221 1478 2270 Tacfarinatem
1532 2220 1918 2285 expeditionibus

244 2291 510 2352 cognitum,
551 2306 645 2339 non
678 2292 817 2354 gravi
854 2307 946 2340 nec
981 2306 1076 2340 uno
1107 2292 1299 2339 incursu
1330 2290 1703 2339 consectandum
1728 2290 1917 2338 hostem

241 2356 452 2420 vagum,
484 2362 645 2408 excito
686 2377 790 2409 cum
834 2361 1147 2424 popularibus
1193 2375 1312 2422 rege
1360 2360 1639 2408 Ptolemaeo
1694 2366 1918 2422 quattuor

242 2429 429 2490 agmina
456 2437 617 2491 parat,
647 2445 768 2493 quae
796 2430 971 2492 legatis
999 2437 1076 2478 aut
1107 2428 1305 2477 tribunis
1334 2429 1466 2485 data3
1506 2436 1553 2476 et
1582 2428 1916 2492 praedatorias

239 2510 404 2546 manus
444 2497 619 2546 delecti
654 2499 923 2547 Maurorum
962 2499 1168 2547 duxere:
1213 2499 1319 2563 ipse
1350 2498 1600 2547 consultor
1626 2497 1790 2546 aderat
1818 2513 1914 2546 om-

185 2587 224 2619 15
243 2566 397 2614 nibus.

348 2635 433 2685 25.
474 2636 577 2684 Nec
614 2637 761 2685 multo
807 2646 918 2702 post
957 2638 1169 2686 adfertur
1214 2637 1440 2687 Numidas
1488 2637 1614 2702 apud
1665 2636 1915 2691 castellum

241 2706 542 2767 semirutum,
586 2706 644 2755 ab
681 2708 801 2771 ipsis
840 2707 1077 2771 quondam
1117 2709 1383 2770 incensum,
1429 2708 1502 2756 cui
1530 2721 1703 2756 nomen
1729 2707 1913 2768 Auzea,

240 2775 411 2837 positis
438 2775 702 2839 mapalibus
737 2777 1047 2839 consedisse,
1078 2778 1194 2825 fisos
1223 2777 1364 2834 loco,
1406 2778 1513 2840 quia
1549 2776 1706 2828 vastis
1735 2777 1911 2825 circum

241 2843 440 2892 saltibus
470 2845 796 2894 claudebatur.
845 2855 939 2894 tum
967 2846 1224 2909 expeditae
1253 2847 1480 2894 cohortes
1509 2845 1736 2909 alaeque,
1774 2859 1911 2909 quain

199 2930 219 2961 ε»
240 2913 284 2958 in
313 2922 495 2975 partem
523 2914 812 2963 ducerentur
838 2917 1062 2977 ignarae,
1093 2916 1188 2962 cito
1218 2917 1406 2977 agmine
1442 2916 1700 2978 rapiuntur.
1755 2914 1909 2963 simul-
