<?xml version="1.0" encoding="UTF-8"?>
<!DOCTYPE html PUBLIC "-//W3C//DTD XHTML 1.0 Transitional//EN"
    "http://www.w3.org/TR/xhtml1/DTD/xhtml1-transitional.dtd">
<html xmlns="http://www.w3.org/1999/xhtml" xml:lang="en" lang="en">
 <head>
  <title>
</title>
<meta http-equiv="Content-Type" content="text/html;charset=utf-8" />
  <meta name='ocr-system' content='tesseract 3.04.00' />
  <meta name='ocr-capabilities' content='ocr_page ocr_carea ocr_par ocr_line ocrx_word'/>
</head>
<body>
  <div class='ocr_page' id='page_1' title='image "./libriquisupersun01taciuoft_0212.png"; bbox 0 0 1976 3224; ppageno 0'>
   <div class='ocr_carea' id='block_1_1' title="bbox 249 172 1511 222">
    <p class='ocr_par' dir='ltr' id='par_1_1' title="bbox 249 172 1511 222">
     <span class='ocr_line' id='line_1_1' title="bbox 249 172 1511 222; baseline -0.002 -1"><span class='ocrx_word' id='word_1_1' title='bbox 249 172 346 222; x_wconf 85' lang='lat'><strong>154</strong></span> <span class='ocrx_word' id='word_1_2' title='bbox 661 180 939 218; x_wconf 64' lang='lat' dir='ltr'><strong>commun</strong></span> <span class='ocrx_word' id='word_1_3' title='bbox 973 179 1168 218; x_wconf 76' lang='grc' dir='ltr'><strong>ΤΑΟΙΤΙ</strong></span> <span class='ocrx_word' id='word_1_4' title='bbox 1204 179 1511 218; x_wconf 73' lang='lat' dir='ltr'>ANNALIUM</span> 
     </span>
    </p>
   </div>
   <div class='ocr_carea' id='block_1_2' title="bbox 177 307 1918 2947">
    <p class='ocr_par' dir='ltr' id='par_1_2' title="bbox 183 307 1916 789">
     <span class='ocr_line' id='line_1_2' title="bbox 241 307 1912 374; baseline 0 -15"><span class='ocrx_word' id='word_1_5' title='bbox 241 311 380 372; x_wconf 77' lang='lat' dir='ltr'><strong>cituS,</strong></span> <span class='ocrx_word' id='word_1_6' title='bbox 411 310 689 374; x_wconf 80' lang='lat' dir='ltr'><strong>Aegyptum</strong></span> <span class='ocrx_word' id='word_1_7' title='bbox 716 315 793 356; x_wconf 90' lang='lat' dir='ltr'><strong>aut</strong></span> <span class='ocrx_word' id='word_1_8' title='bbox 822 309 1008 356; x_wconf 88' lang='lat' dir='ltr'><strong>Suriam</strong></span> <span class='ocrx_word' id='word_1_9' title='bbox 1036 309 1335 371; x_wconf 89' lang='lat' dir='ltr'><strong>invasurum,</strong></span> <span class='ocrx_word' id='word_1_10' title='bbox 1368 307 1614 371; x_wconf 85' lang='lat' dir='ltr'><strong>fingebant</strong></span> <span class='ocrx_word' id='word_1_11' title='bbox 1641 311 1778 358; x_wconf 90' lang='lat' dir='ltr'><strong>simul</strong></span> <span class='ocrx_word' id='word_1_12' title='bbox 1810 326 1912 360; x_wconf 88' lang='lat' dir='ltr'><strong>cre-</strong></span> 
     </span>
     <span class='ocr_line' id='line_1_3' title="bbox 241 377 1915 442; baseline 0.001 -14"><span class='ocrx_word' id='word_1_13' title='bbox 241 379 531 442; x_wconf 89' lang='lat' dir='ltr'><strong>debantque.</strong></span> <span class='ocrx_word' id='word_1_14' title='bbox 595 379 685 426; x_wconf 92' lang='lat' dir='ltr'><strong>iam</strong></span> <span class='ocrx_word' id='word_1_15' title='bbox 733 378 989 425; x_wconf 89' lang='lat' dir='ltr'><strong>iuventutis</strong></span> <span class='ocrx_word' id='word_1_16' title='bbox 1039 391 1307 439; x_wconf 81' lang='lat' dir='ltr'>concursu,</span> <span class='ocrx_word' id='word_1_17' title='bbox 1361 379 1453 426; x_wconf 91' lang='lat' dir='ltr'><strong>iam</strong></span> <span class='ocrx_word' id='word_1_18' title='bbox 1497 377 1702 442; x_wconf 89' lang='lat' dir='ltr'><strong>publicis</strong></span> <span class='ocrx_word' id='word_1_19' title='bbox 1748 379 1915 428; x_wconf 89' lang='lat' dir='ltr'><strong>studiis</strong></span> 
     </span>
     <span class='ocr_line' id='line_1_4' title="bbox 183 446 1913 513; baseline 0.001 -15"><span class='ocrx_word' id='word_1_20' title='bbox 183 471 223 504; x_wconf 59' lang='grc' dir='ltr'><strong>ιο</strong></span> <span class='ocrx_word' id='word_1_21' title='bbox 239 447 652 513; x_wconf 84' lang='lat' dir='ltr'><strong>frequentabatur,</strong></span> <span class='ocrx_word' id='word_1_22' title='bbox 682 447 839 496; x_wconf 90' lang='lat' dir='ltr'><strong>laetus</strong></span> <span class='ocrx_word' id='word_1_23' title='bbox 867 446 1206 511; x_wconf 89' lang='lat' dir='ltr'><strong>praesentibus</strong></span> <span class='ocrx_word' id='word_1_24' title='bbox 1233 455 1280 495; x_wconf 88' lang='lat' dir='ltr'><strong>et</strong></span> <span class='ocrx_word' id='word_1_25' title='bbox 1299 448 1505 495; x_wconf 89' lang='lat' dir='ltr'><strong>inanium</strong></span> <span class='ocrx_word' id='word_1_26' title='bbox 1524 463 1629 512; x_wconf 88' lang='lat' dir='ltr'><strong>spe,</strong></span> <span class='ocrx_word' id='word_1_27' title='bbox 1664 464 1768 496; x_wconf 89' lang='lat' dir='ltr'><strong>cum</strong></span> <span class='ocrx_word' id='word_1_28' title='bbox 1786 450 1913 499; x_wconf 87' lang='lat' dir='ltr'><strong>audi-</strong></span> 
     </span>
     <span class='ocr_line' id='line_1_5' title="bbox 239 516 1916 582; baseline 0.001 -15"><span class='ocrx_word' id='word_1_29' title='bbox 239 527 334 567; x_wconf 92' lang='lat' dir='ltr'><strong>tum</strong></span> <span class='ocrx_word' id='word_1_30' title='bbox 361 517 407 566; x_wconf 92' lang='lat' dir='ltr'><strong>id</strong></span> <span class='ocrx_word' id='word_1_31' title='bbox 431 517 664 582; x_wconf 85' lang='lat' dir='ltr'><strong>Poppaeo</strong></span> <span class='ocrx_word' id='word_1_32' title='bbox 693 516 900 566; x_wconf 88' lang='lat' dir='ltr'><strong>Sabino:</strong></span> <span class='ocrx_word' id='word_1_33' title='bbox 928 517 968 564; x_wconf 92' lang='lat' dir='ltr'><strong>is</strong></span> <span class='ocrx_word' id='word_1_34' title='bbox 992 516 1310 566; x_wconf 83' lang='lat' dir='ltr'>Macedoniae</span> <span class='ocrx_word' id='word_1_35' title='bbox 1334 524 1430 565; x_wconf 90' lang='lat' dir='ltr'><strong>tum</strong></span> <span class='ocrx_word' id='word_1_36' title='bbox 1453 518 1660 566; x_wconf 89' lang='lat' dir='ltr'><strong>intentus</strong></span> <span class='ocrx_word' id='word_1_37' title='bbox 1681 518 1916 568; x_wconf 85' lang='lat' dir='ltr'><strong>Achaiam</strong></span> 
     </span>
     <span class='ocr_line' id='line_1_6' title="bbox 238 586 1916 653; baseline 0 -16"><span class='ocrx_word' id='word_1_38' title='bbox 238 603 435 653; x_wconf 90' lang='lat' dir='ltr'><strong>quoque</strong></span> <span class='ocrx_word' id='word_1_39' title='bbox 462 586 677 635; x_wconf 90' lang='lat' dir='ltr'><strong>curabat.</strong></span> <span class='ocrx_word' id='word_1_40' title='bbox 728 588 871 652; x_wconf 85' lang='lat' dir='ltr'><strong>igitur</strong></span> <span class='ocrx_word' id='word_1_41' title='bbox 891 600 985 650; x_wconf 92' lang='lat' dir='ltr'><strong>quo</strong></span> <span class='ocrx_word' id='word_1_42' title='bbox 1008 601 1124 634; x_wconf 90' lang='lat' dir='ltr'><strong>vera</strong></span> <span class='ocrx_word' id='word_1_43' title='bbox 1148 601 1235 634; x_wconf 91' lang='lat' dir='ltr'><strong>seu</strong></span> <span class='ocrx_word' id='word_1_44' title='bbox 1255 586 1378 635; x_wconf 87' lang='lat' dir='ltr'><strong>falsa</strong></span> <span class='ocrx_word' id='word_1_45' title='bbox 1398 587 1583 649; x_wconf 83' lang='lat' dir='ltr'><strong>antiret,</strong></span> <span class='ocrx_word' id='word_1_46' title='bbox 1612 586 1916 638; x_wconf 87' lang='lat' dir='ltr'><strong>Toronaeum</strong></span> 
     </span>
     <span class='ocr_line' id='line_1_7' title="bbox 239 655 1916 721; baseline -0.001 -14"><span class='ocrx_word' id='word_1_47' title='bbox 239 657 651 721; x_wconf 83' lang='lat' dir='ltr'><strong>Thermaeumque</strong></span> <span class='ocrx_word' id='word_1_48' title='bbox 679 658 831 704; x_wconf 88' lang='lat' dir='ltr'><strong>sinum</strong></span> <span class='ocrx_word' id='word_1_49' title='bbox 867 655 1250 720; x_wconf 82' lang='lat' dir='ltr'><strong>praefestinans,</strong></span> <span class='ocrx_word' id='word_1_50' title='bbox 1286 670 1400 704; x_wconf 92' lang='lat' dir='ltr'><strong>mox</strong></span> <span class='ocrx_word' id='word_1_51' title='bbox 1440 655 1689 706; x_wconf 85' lang='lat' dir='ltr'><strong>Euboeam</strong></span> <span class='ocrx_word' id='word_1_52' title='bbox 1725 658 1916 721; x_wconf 85' lang='lat' dir='ltr'><strong>Aegaei</strong></span> 
     </span>
     <span class='ocr_line' id='line_1_8' title="bbox 239 725 1914 789; baseline 0 -13"><span class='ocrx_word' id='word_1_53' title='bbox 239 728 383 777; x_wconf 90' lang='lat' dir='ltr'><strong>maris</strong></span> <span class='ocrx_word' id='word_1_54' title='bbox 423 726 626 775; x_wconf 88' lang='lat' dir='ltr'><strong>insulam</strong></span> <span class='ocrx_word' id='word_1_55' title='bbox 665 733 714 775; x_wconf 92' lang='lat' dir='ltr'><strong>et</strong></span> <span class='ocrx_word' id='word_1_56' title='bbox 749 726 969 774; x_wconf 87' lang='lat' dir='ltr'><strong>Piraeum</strong></span> <span class='ocrx_word' id='word_1_57' title='bbox 1008 725 1201 775; x_wconf 89' lang='lat' dir='ltr'><strong>Atticae</strong></span> <span class='ocrx_word' id='word_1_58' title='bbox 1237 740 1379 789; x_wconf 87' lang='lat' dir='ltr'><strong>orae,</strong></span> <span class='ocrx_word' id='word_1_59' title='bbox 1433 727 1542 775; x_wconf 91' lang='lat' dir='ltr'><strong>dein</strong></span> <span class='ocrx_word' id='word_1_60' title='bbox 1578 725 1914 776; x_wconf 79' lang='lat' dir='ltr'><strong>Corinthiense</strong></span> 
     </span>
    </p>

    <p class='ocr_par' dir='ltr' id='par_1_3' title="bbox 182 794 1918 1142">
     <span class='ocr_line' id='line_1_9' title="bbox 182 794 1914 862; baseline -0.001 -15"><span class='ocrx_word' id='word_1_61' title='bbox 182 815 222 847; x_wconf 77' lang='lat'><strong>15</strong></span> <span class='ocrx_word' id='word_1_62' title='bbox 239 798 351 847; x_wconf 89' lang='lat' dir='ltr'><strong>litus</strong></span> <span class='ocrx_word' id='word_1_63' title='bbox 381 798 727 860; x_wconf 82' lang='lat' dir='ltr'><strong>angustiasque</strong></span> <span class='ocrx_word' id='word_1_64' title='bbox 757 794 924 845; x_wconf 87' lang='lat' dir='ltr'><strong>Isthmi</strong></span> <span class='ocrx_word' id='word_1_65' title='bbox 951 795 1131 852; x_wconf 89' lang='lat' dir='ltr'><strong>evadit;</strong></span> <span class='ocrx_word' id='word_1_66' title='bbox 1164 797 1380 860; x_wconf 90' lang='lat' dir='ltr'><strong>marique</strong></span> <span class='ocrx_word' id='word_1_67' title='bbox 1407 795 1501 844; x_wconf 91' lang='lat' dir='ltr'><strong>alio</strong></span> <span class='ocrx_word' id='word_1_68' title='bbox 1524 795 1796 862; x_wconf 85' lang='lat' dir='ltr'><strong>Nicopolim</strong></span> <span class='ocrx_word' id='word_1_69' title='bbox 1821 797 1914 846; x_wconf 85' lang='lat' dir='ltr'><strong>Ro-</strong></span> 
     </span>
     <span class='ocr_line' id='line_1_10' title="bbox 239 865 1916 930; baseline -0.001 -14"><span class='ocrx_word' id='word_1_70' title='bbox 239 881 424 916; x_wconf 91' lang='lat' dir='ltr'><strong>manam</strong></span> <span class='ocrx_word' id='word_1_71' title='bbox 451 866 694 915; x_wconf 91' lang='lat' dir='ltr'><strong>coloniam</strong></span> <span class='ocrx_word' id='word_1_72' title='bbox 728 867 1008 930; x_wconf 77' lang='lat' dir='ltr'><strong>ingressuS,</strong></span> <span class='ocrx_word' id='word_1_73' title='bbox 1044 865 1110 913; x_wconf 90' lang='lat' dir='ltr'><strong>ibi</strong></span> <span class='ocrx_word' id='word_1_74' title='bbox 1147 865 1333 922; x_wconf 87' lang='lat' dir='ltr'><strong>demum</strong></span> <span class='ocrx_word' id='word_1_75' title='bbox 1374 867 1628 928; x_wconf 84' lang='lat' dir='ltr'><strong>cognoscit</strong></span> <span class='ocrx_word' id='word_1_76' title='bbox 1669 867 1916 915; x_wconf 85' lang='lat' dir='ltr'><strong>sollertius</strong></span> 
     </span>
     <span class='ocr_line' id='line_1_11' title="bbox 239 934 1918 1000; baseline -0.001 -14"><span class='ocrx_word' id='word_1_77' title='bbox 239 939 612 1000; x_wconf 87' lang='lat' dir='ltr'><strong>interrogatum,</strong></span> <span class='ocrx_word' id='word_1_78' title='bbox 646 936 872 1000; x_wconf 81' lang='lat' dir='ltr'><strong>‘quisnam</strong></span> <span class='ocrx_word' id='word_1_79' title='bbox 901 934 1054 998; x_wconf 86' lang='lat' dir='ltr'><strong>foret,</strong></span> <span class='ocrx_word' id='word_1_80' title='bbox 1101 935 1281 984; x_wconf 84' lang='lat' dir='ltr'><strong>dixisse</strong></span> <span class='ocrx_word' id='word_1_81' title='bbox 1306 934 1368 984; x_wconf 88' lang='lat' dir='ltr'><strong>M.</strong></span> <span class='ocrx_word' id='word_1_82' title='bbox 1398 935 1561 984; x_wconf 90' lang='lat' dir='ltr'><strong>Silano</strong></span> <span class='ocrx_word' id='word_1_83' title='bbox 1593 937 1832 999; x_wconf 86' lang='lat' dir='ltr'><strong>genitum,</strong></span> <span class='ocrx_word' id='word_1_84' title='bbox 1869 944 1918 984; x_wconf 91' lang='lat' dir='ltr'><strong>et</strong></span> 
     </span>
     <span class='ocr_line' id='line_1_12' title="bbox 238 1000 1916 1070; baseline -0.001 -15"><span class='ocrx_word' id='word_1_85' title='bbox 238 1006 398 1056; x_wconf 90' lang='lat' dir='ltr'><strong>multis</strong></span> <span class='ocrx_word' id='word_1_86' title='bbox 425 1013 719 1054; x_wconf 86' lang='lat' dir='ltr'><strong>sectatorum</strong></span> <span class='ocrx_word' id='word_1_87' title='bbox 745 1004 944 1069; x_wconf 87' lang='lat' dir='ltr'><strong>dilapsis</strong></span> <span class='ocrx_word' id='word_1_88' title='bbox 969 1005 1249 1053; x_wconf 89' lang='lat' dir='ltr'><strong>ascendisse</strong></span> <span class='ocrx_word' id='word_1_89' title='bbox 1274 1000 1443 1054; x_wconf 81' lang='lat' dir='ltr'><strong>navem</strong></span> <span class='ocrx_word' id='word_1_90' title='bbox 1470 1013 1706 1070; x_wconf 88' lang='lat' dir='ltr'><strong>tamquam</strong></span> <span class='ocrx_word' id='word_1_91' title='bbox 1733 1005 1916 1055; x_wconf 88' lang='lat' dir='ltr'><strong>Italiam</strong></span> 
     </span>
     <span class='ocr_line' id='line_1_13' title="bbox 241 1073 1913 1142; baseline -0.001 -17"><span class='ocrx_word' id='word_1_92' title='bbox 241 1083 448 1142; x_wconf 88' lang='lat' dir='ltr'><strong>peteret.</strong></span> <span class='ocrx_word' id='word_1_93' title='bbox 492 1076 785 1139; x_wconf 89' lang='lat' dir='ltr'><strong>scripsitque</strong></span> <span class='ocrx_word' id='word_1_94' title='bbox 814 1074 937 1123; x_wconf 92' lang='lat' dir='ltr'><strong>haec</strong></span> <span class='ocrx_word' id='word_1_95' title='bbox 959 1073 1176 1138; x_wconf 92' lang='lat' dir='ltr'><strong>Tiberio,</strong></span> <span class='ocrx_word' id='word_1_96' title='bbox 1203 1089 1362 1138; x_wconf 89' lang='lat' dir='ltr'><strong>neque</strong></span> <span class='ocrx_word' id='word_1_97' title='bbox 1383 1089 1472 1123; x_wconf 89' lang='lat' dir='ltr'><strong>nos</strong></span> <span class='ocrx_word' id='word_1_98' title='bbox 1495 1076 1732 1138; x_wconf 85' lang='lat' dir='ltr'><strong>originem</strong></span> <span class='ocrx_word' id='word_1_99' title='bbox 1755 1077 1913 1124; x_wconf 84' lang='lat' dir='ltr'><strong>linem-</strong></span> 
     </span>
    </p>

    <p class='ocr_par' dir='ltr' id='par_1_4' title="bbox 177 1145 1042 1209">
     <span class='ocr_line' id='line_1_14' title="bbox 177 1145 1042 1209; baseline -0.008 -11"><span class='ocrx_word' id='word_1_100' title='bbox 177 1165 221 1198; x_wconf 79' lang='lat'><strong>20</strong></span> <span class='ocrx_word' id='word_1_101' title='bbox 238 1161 298 1195; x_wconf 87' lang='lat' dir='ltr'><strong>ve</strong></span> <span class='ocrx_word' id='word_1_102' title='bbox 326 1147 429 1194; x_wconf 90' lang='lat' dir='ltr'><strong>eius</strong></span> <span class='ocrx_word' id='word_1_103' title='bbox 453 1147 525 1193; x_wconf 90' lang='lat' dir='ltr'><strong>rei</strong></span> <span class='ocrx_word' id='word_1_104' title='bbox 552 1145 673 1193; x_wconf 88' lang='lat' dir='ltr'><strong>ultra</strong></span> <span class='ocrx_word' id='word_1_105' title='bbox 705 1145 1042 1209; x_wconf 89' lang='lat' dir='ltr'><strong>comperimus.</strong></span> 
     </span>
    </p>

    <p class='ocr_par' dir='ltr' id='par_1_5' title="bbox 181 1197 1916 1487">
     <span class='ocr_line' id='line_1_15' title="bbox 181 1197 1915 1279; baseline -0.001 -17"><span class='ocrx_word' id='word_1_106' title='bbox 181 1218 225 1276; x_wconf 79' lang='lat' dir='ltr'><strong>V,</strong></span> <span class='ocrx_word' id='word_1_107' title='bbox 247 1219 287 1262; x_wconf 89' lang='lat' dir='ltr'><strong>ll</strong></span> <span class='ocrx_word' id='word_1_108' title='bbox 351 1216 399 1266; x_wconf 90' lang='grc'><strong>6.</strong></span> <span class='ocrx_word' id='word_1_109' title='bbox 435 1214 580 1263; x_wconf 84' lang='lat' dir='ltr'><strong>Exitu</strong></span> <span class='ocrx_word' id='word_1_110' title='bbox 619 1215 728 1262; x_wconf 91' lang='lat' dir='ltr'><strong>anni</strong></span> <span class='ocrx_word' id='word_1_111' title='bbox 766 1213 843 1262; x_wconf 90' lang='lat' dir='ltr'><strong>diu</strong></span> <span class='ocrx_word' id='word_1_112' title='bbox 883 1221 1021 1262; x_wconf 89' lang='lat' dir='ltr'><strong>aucta</strong></span> <span class='ocrx_word' id='word_1_113' title='bbox 1053 1197 1295 1262; x_wconf 87' lang='lat' dir='ltr'><strong>discordia</strong></span> <span class='ocrx_word' id='word_1_114' title='bbox 1321 1213 1571 1262; x_wconf 89' lang='lat' dir='ltr'><strong>consulum</strong></span> <span class='ocrx_word' id='word_1_115' title='bbox 1599 1215 1769 1279; x_wconf 87' lang='lat' dir='ltr'><strong>erupit</strong></span> <span class='ocrx_word' id='word_1_116' title='bbox 1811 1230 1915 1262; x_wconf 90' lang='lat' dir='ltr'><strong>nam</strong></span> 
     </span>
     <span class='ocr_line' id='line_1_16' title="bbox 237 1283 1916 1348; baseline -0.001 -14"><span class='ocrx_word' id='word_1_117' title='bbox 237 1285 372 1347; x_wconf 83' lang='lat' dir='ltr'><strong>Trio,</strong></span> <span class='ocrx_word' id='word_1_118' title='bbox 394 1284 552 1334; x_wconf 85' lang='lat' dir='ltr'><strong>facilis</strong></span> <span class='ocrx_word' id='word_1_119' title='bbox 570 1283 885 1348; x_wconf 84' lang='lat' dir='ltr'><strong>capessendis</strong></span> <span class='ocrx_word' id='word_1_120' title='bbox 906 1284 1162 1331; x_wconf 88' lang='lat' dir='ltr'><strong>inimicitiis</strong></span> <span class='ocrx_word' id='word_1_121' title='bbox 1177 1291 1223 1331; x_wconf 93' lang='lat' dir='ltr'><strong>et</strong></span> <span class='ocrx_word' id='word_1_122' title='bbox 1241 1283 1351 1333; x_wconf 91' lang='lat' dir='ltr'><strong>foro</strong></span> <span class='ocrx_word' id='word_1_123' title='bbox 1374 1285 1629 1346; x_wconf 87' lang='lat' dir='ltr'><strong>exercitus,</strong></span> <span class='ocrx_word' id='word_1_124' title='bbox 1647 1291 1697 1331; x_wconf 89' lang='lat' dir='ltr'><strong>ut</strong></span> <span class='ocrx_word' id='word_1_125' title='bbox 1717 1298 1916 1346; x_wconf 86' lang='lat' dir='ltr'><strong>segnem</strong></span> 
     </span>
     <span class='ocr_line' id='line_1_17' title="bbox 237 1352 1914 1418; baseline -0.001 -14"><span class='ocrx_word' id='word_1_126' title='bbox 237 1355 476 1418; x_wconf 87' lang='lat' dir='ltr'><strong>Regulum</strong></span> <span class='ocrx_word' id='word_1_127' title='bbox 498 1354 556 1403; x_wconf 92' lang='lat' dir='ltr'><strong>ad</strong></span> <span class='ocrx_word' id='word_1_128' title='bbox 576 1353 921 1418; x_wconf 86' lang='lat' dir='ltr'><strong>opprimendos</strong></span> <span class='ocrx_word' id='word_1_129' title='bbox 945 1354 1104 1402; x_wconf 90' lang='lat' dir='ltr'><strong>Seiani</strong></span> <span class='ocrx_word' id='word_1_130' title='bbox 1128 1353 1371 1401; x_wconf 91' lang='lat' dir='ltr'><strong>ministros</strong></span> <span class='ocrx_word' id='word_1_131' title='bbox 1401 1352 1597 1417; x_wconf 89' lang='lat' dir='ltr'><strong>oblique</strong></span> <span class='ocrx_word' id='word_1_132' title='bbox 1624 1355 1914 1417; x_wconf 86' lang='lat' dir='ltr'><strong>perstrinxe-</strong></span> 
     </span>
     <span class='ocr_line' id='line_1_18' title="bbox 239 1422 1915 1487; baseline -0.001 -15"><span class='ocrx_word' id='word_1_133' title='bbox 239 1431 338 1472; x_wconf 90' lang='lat' dir='ltr'><strong>rat:</strong></span> <span class='ocrx_word' id='word_1_134' title='bbox 358 1425 459 1487; x_wconf 91' lang='lat' dir='ltr'><strong>ille,</strong></span> <span class='ocrx_word' id='word_1_135' title='bbox 486 1425 575 1471; x_wconf 92' lang='lat' dir='ltr'><strong>nisi</strong></span> <span class='ocrx_word' id='word_1_136' title='bbox 595 1423 940 1484; x_wconf 87' lang='lat' dir='ltr'><strong>lacesseretur,</strong></span> <span class='ocrx_word' id='word_1_137' title='bbox 963 1423 1231 1471; x_wconf 88' lang='lat' dir='ltr'><strong>modestiae</strong></span> <span class='ocrx_word' id='word_1_138' title='bbox 1251 1424 1484 1485; x_wconf 77' lang='lat' dir='ltr'><strong>retinenS,</strong></span> <span class='ocrx_word' id='word_1_139' title='bbox 1506 1437 1600 1472; x_wconf 92' lang='lat' dir='ltr'><strong>non</strong></span> <span class='ocrx_word' id='word_1_140' title='bbox 1612 1422 1756 1471; x_wconf 92' lang='lat' dir='ltr'><strong>modo</strong></span> <span class='ocrx_word' id='word_1_141' title='bbox 1771 1430 1915 1471; x_wconf 89' lang='lat' dir='ltr'><strong>rettu-</strong></span> 
     </span>
    </p>

    <p class='ocr_par' dir='ltr' id='par_1_6' title="bbox 205 1491 1917 1694">
     <span class='ocr_line' id='line_1_19' title="bbox 205 1491 1915 1556; baseline -0.001 -15"><span class='ocrx_word' id='word_1_142' title='bbox 205 1510 223 1541; x_wconf 81' lang='lat'><strong>5</strong></span> <span class='ocrx_word' id='word_1_143' title='bbox 241 1494 306 1543; x_wconf 90' lang='lat' dir='ltr'><strong>dit</strong></span> <span class='ocrx_word' id='word_1_144' title='bbox 328 1494 590 1556; x_wconf 88' lang='lat' dir='ltr'><strong>collegam,</strong></span> <span class='ocrx_word' id='word_1_145' title='bbox 612 1493 699 1541; x_wconf 90' lang='lat' dir='ltr'><strong>sed</strong></span> <span class='ocrx_word' id='word_1_146' title='bbox 719 1501 768 1541; x_wconf 91' lang='lat' dir='ltr'><strong>ut</strong></span> <span class='ocrx_word' id='word_1_147' title='bbox 788 1493 979 1540; x_wconf 87' lang='lat' dir='ltr'><strong>noxium</strong></span> <span class='ocrx_word' id='word_1_148' title='bbox 1001 1493 1341 1540; x_wconf 88' lang='lat' dir='ltr'><strong>coniurationis</strong></span> <span class='ocrx_word' id='word_1_149' title='bbox 1362 1491 1421 1541; x_wconf 90' lang='lat' dir='ltr'><strong>ad</strong></span> <span class='ocrx_word' id='word_1_150' title='bbox 1433 1492 1810 1556; x_wconf 89' lang='lat' dir='ltr'><strong>disquisitionem</strong></span> <span class='ocrx_word' id='word_1_151' title='bbox 1824 1500 1915 1541; x_wconf 90' lang='lat' dir='ltr'><strong>tra-</strong></span> 
     </span>
     <span class='ocr_line' id='line_1_20' title="bbox 240 1561 1917 1627; baseline -0.002 -15"><span class='ocrx_word' id='word_1_152' title='bbox 240 1563 400 1613; x_wconf 82' lang='lat' dir='ltr'><strong>hebat.</strong></span> <span class='ocrx_word' id='word_1_153' title='bbox 437 1563 694 1627; x_wconf 90' lang='lat' dir='ltr'><strong>multisque</strong></span> <span class='ocrx_word' id='word_1_154' title='bbox 725 1570 908 1627; x_wconf 90' lang='lat' dir='ltr'><strong>patrum</strong></span> <span class='ocrx_word' id='word_1_155' title='bbox 930 1561 1176 1611; x_wconf 90' lang='lat' dir='ltr'><strong>orantibus</strong></span> <span class='ocrx_word' id='word_1_156' title='bbox 1197 1569 1434 1626; x_wconf 89' lang='lat' dir='ltr'><strong>ponerent</strong></span> <span class='ocrx_word' id='word_1_157' title='bbox 1457 1561 1564 1610; x_wconf 90' lang='lat' dir='ltr'><strong>odia</strong></span> <span class='ocrx_word' id='word_1_158' title='bbox 1587 1563 1632 1609; x_wconf 90' lang='lat' dir='ltr'><strong>in</strong></span> <span class='ocrx_word' id='word_1_159' title='bbox 1654 1563 1917 1626; x_wconf 77' lang='lat' dir='ltr'><strong>perniciem</strong></span> 
     </span>
     <span class='ocr_line' id='line_1_21' title="bbox 239 1630 1914 1694; baseline -0.004 -9"><span class='ocrx_word' id='word_1_160' title='bbox 239 1641 377 1694; x_wconf 83' lang='lat' dir='ltr'><strong>itura,</strong></span> <span class='ocrx_word' id='word_1_161' title='bbox 405 1648 626 1682; x_wconf 87' lang='lat' dir='ltr'><strong>mansere</strong></span> <span class='ocrx_word' id='word_1_162' title='bbox 653 1632 826 1680; x_wconf 86' lang='lat' dir='ltr'><strong>infensi</strong></span> <span class='ocrx_word' id='word_1_163' title='bbox 853 1647 908 1680; x_wconf 89' lang='lat' dir='ltr'><strong>ac</strong></span> <span class='ocrx_word' id='word_1_164' title='bbox 930 1633 1214 1694; x_wconf 82' lang='lat' dir='ltr'><strong>minitanteS,</strong></span> <span class='ocrx_word' id='word_1_165' title='bbox 1237 1631 1392 1679; x_wconf 91' lang='lat' dir='ltr'><strong>donec</strong></span> <span class='ocrx_word' id='word_1_166' title='bbox 1412 1631 1692 1693; x_wconf 89' lang='lat' dir='ltr'><strong>magistratu</strong></span> <span class='ocrx_word' id='word_1_167' title='bbox 1713 1630 1914 1679; x_wconf 90' lang='lat' dir='ltr'><strong>abirent.</strong></span> 
     </span>
    </p>

    <p class='ocr_par' dir='ltr' id='par_1_7' title="bbox 183 1699 1916 1974">
     <span class='ocr_line' id='line_1_22' title="bbox 183 1699 1914 1769; baseline -0.002 -19"><span class='ocrx_word' id='word_1_168' title='bbox 183 1711 246 1769; x_wconf 82' lang='lat' dir='ltr'><strong>vl,</strong></span> <span class='ocrx_word' id='word_1_169' title='bbox 266 1707 286 1750; x_wconf 92' lang='lat' dir='ltr'><strong>l</strong></span> <span class='ocrx_word' id='word_1_170' title='bbox 345 1704 392 1750; x_wconf 89' lang='grc'><strong>7.</strong></span> <span class='ocrx_word' id='word_1_171' title='bbox 460 1701 546 1750; x_wconf 90' lang='lat' dir='ltr'><strong>Cn.</strong></span> <span class='ocrx_word' id='word_1_172' title='bbox 597 1701 829 1750; x_wconf 86' lang='lat' dir='ltr'><strong>Domitius</strong></span> <span class='ocrx_word' id='word_1_173' title='bbox 895 1709 941 1749; x_wconf 90' lang='lat' dir='ltr'><strong>et</strong></span> <span class='ocrx_word' id='word_1_174' title='bbox 999 1700 1226 1749; x_wconf 89' lang='lat' dir='ltr'><strong>Camillus</strong></span> <span class='ocrx_word' id='word_1_175' title='bbox 1289 1699 1633 1748; x_wconf 89' lang='lat' dir='ltr'><strong>Scribonianus</strong></span> <span class='ocrx_word' id='word_1_176' title='bbox 1695 1700 1914 1748; x_wconf 90' lang='lat' dir='ltr'><strong>consula-</strong></span> 
     </span>
     <span class='ocr_line' id='line_1_23' title="bbox 242 1768 1914 1834; baseline -0.002 -13"><span class='ocrx_word' id='word_1_177' title='bbox 242 1782 337 1822; x_wconf 92' lang='lat' dir='ltr'><strong>tum</strong></span> <span class='ocrx_word' id='word_1_178' title='bbox 379 1772 606 1834; x_wconf 86' lang='lat' dir='ltr'><strong>inierant,</strong></span> <span class='ocrx_word' id='word_1_179' title='bbox 662 1787 768 1819; x_wconf 92' lang='lat' dir='ltr'><strong>cum</strong></span> <span class='ocrx_word' id='word_1_180' title='bbox 805 1769 988 1819; x_wconf 90' lang='lat' dir='ltr'><strong>Caesar</strong></span> <span class='ocrx_word' id='word_1_181' title='bbox 1026 1771 1246 1818; x_wconf 89' lang='lat' dir='ltr'><strong>tramisso</strong></span> <span class='ocrx_word' id='word_1_182' title='bbox 1284 1769 1412 1834; x_wconf 90' lang='lat' dir='ltr'><strong>quod</strong></span> <span class='ocrx_word' id='word_1_183' title='bbox 1449 1769 1664 1834; x_wconf 88' lang='lat' dir='ltr'><strong>Capreas</strong></span> <span class='ocrx_word' id='word_1_184' title='bbox 1713 1777 1760 1818; x_wconf 91' lang='lat' dir='ltr'><strong>et</strong></span> <span class='ocrx_word' id='word_1_185' title='bbox 1804 1768 1914 1818; x_wconf 88' lang='lat' dir='ltr'><strong>Sur-</strong></span> 
     </span>
     <span class='ocr_line' id='line_1_24' title="bbox 240 1809 1916 1905; baseline -0.004 -13"><span class='ocrx_word' id='word_1_186' title='bbox 240 1850 424 1892; x_wconf 87' lang='lat' dir='ltr'><strong>rentum</strong></span> <span class='ocrx_word' id='word_1_187' title='bbox 450 1809 662 1889; x_wconf 89' lang='lat' dir='ltr'><strong>interluit</strong></span> <span class='ocrx_word' id='word_1_188' title='bbox 687 1841 813 1889; x_wconf 83' lang='lat' dir='ltr'><strong>freto</strong></span> <span class='ocrx_word' id='word_1_189' title='bbox 843 1839 1151 1905; x_wconf 89' lang='lat' dir='ltr'><strong>Campaniam</strong></span> <span class='ocrx_word' id='word_1_190' title='bbox 1189 1839 1534 1904; x_wconf 86' lang='lat' dir='ltr'><strong>praelegebat,</strong></span> <span class='ocrx_word' id='word_1_191' title='bbox 1575 1837 1822 1903; x_wconf 88' lang='lat' dir='ltr'><strong>ambiguus</strong></span> <span class='ocrx_word' id='word_1_192' title='bbox 1858 1854 1916 1886; x_wconf 90' lang='lat' dir='ltr'><strong>an</strong></span> 
     </span>
     <span class='ocr_line' id='line_1_25' title="bbox 242 1909 1915 1974; baseline -0.002 -14"><span class='ocrx_word' id='word_1_193' title='bbox 242 1912 408 1961; x_wconf 89' lang='lat' dir='ltr'><strong>urbem</strong></span> <span class='ocrx_word' id='word_1_194' title='bbox 440 1912 661 1972; x_wconf 89' lang='lat' dir='ltr'><strong>intraret,</strong></span> <span class='ocrx_word' id='word_1_195' title='bbox 689 1926 803 1972; x_wconf 88' lang='lat' dir='ltr'><strong>seu,</strong></span> <span class='ocrx_word' id='word_1_196' title='bbox 834 1911 942 1974; x_wconf 92' lang='lat' dir='ltr'><strong>quia</strong></span> <span class='ocrx_word' id='word_1_197' title='bbox 973 1917 1141 1958; x_wconf 87' lang='lat' dir='ltr'><strong>contra</strong></span> <span class='ocrx_word' id='word_1_198' title='bbox 1169 1909 1519 1972; x_wconf 89' lang='lat' dir='ltr'><strong>destinaverat,</strong></span> <span class='ocrx_word' id='word_1_199' title='bbox 1559 1911 1775 1974; x_wconf 90' lang='lat' dir='ltr'><strong>speciem</strong></span> <span class='ocrx_word' id='word_1_200' title='bbox 1805 1923 1915 1956; x_wconf 90' lang='lat' dir='ltr'><strong>ven-</strong></span> 
     </span>
    </p>

    <p class='ocr_par' dir='ltr' id='par_1_8' title="bbox 203 1978 1917 2324">
     <span class='ocr_line' id='line_1_26' title="bbox 203 1978 1915 2045; baseline -0.002 -15"><span class='ocrx_word' id='word_1_201' title='bbox 203 1998 220 2030; x_wconf 71' lang='lat'>5</span> <span class='ocrx_word' id='word_1_202' title='bbox 242 1983 331 2030; x_wconf 91' lang='lat' dir='ltr'><strong>turi</strong></span> <span class='ocrx_word' id='word_1_203' title='bbox 359 1980 601 2029; x_wconf 86' lang='lat' dir='ltr'><strong>simulans.</strong></span> <span class='ocrx_word' id='word_1_204' title='bbox 655 1988 702 2028; x_wconf 91' lang='lat' dir='ltr'><strong>et</strong></span> <span class='ocrx_word' id='word_1_205' title='bbox 733 1995 883 2045; x_wconf 87' lang='lat' dir='ltr'><strong>saepe</strong></span> <span class='ocrx_word' id='word_1_206' title='bbox 913 1981 960 2029; x_wconf 74' lang='lat' dir='ltr'><strong>in</strong></span> <span class='ocrx_word' id='word_1_207' title='bbox 987 1980 1259 2044; x_wconf 90' lang='lat' dir='ltr'><strong>propinqua</strong></span> <span class='ocrx_word' id='word_1_208' title='bbox 1285 1979 1549 2042; x_wconf 88' lang='lat' dir='ltr'><strong>degressus</strong></span> <span class='ocrx_word' id='word_1_209' title='bbox 1568 2016 1581 2041; x_wconf 89' lang='lat'><strong>,</strong></span> <span class='ocrx_word' id='word_1_210' title='bbox 1617 1978 1756 2027; x_wconf 91' lang='lat' dir='ltr'><strong>aditis</strong></span> <span class='ocrx_word' id='word_1_211' title='bbox 1788 1980 1915 2026; x_wconf 87' lang='lat' dir='ltr'><strong>iuxta</strong></span> 
     </span>
     <span class='ocr_line' id='line_1_27' title="bbox 242 2048 1914 2113; baseline -0.002 -14"><span class='ocrx_word' id='word_1_212' title='bbox 242 2051 453 2101; x_wconf 89' lang='lat' dir='ltr'><strong>Tiberim</strong></span> <span class='ocrx_word' id='word_1_213' title='bbox 489 2051 822 2112; x_wconf 60' lang='lat' dir='ltr'><strong>horti5„saxa</strong></span> <span class='ocrx_word' id='word_1_214' title='bbox 861 2064 1065 2111; x_wconf 7' lang='lat' dir='ltr'><strong>rursum?</strong></span> <span class='ocrx_word' id='word_1_215' title='bbox 1092 2056 1140 2097; x_wconf 91' lang='lat' dir='ltr'><strong>et</strong></span> <span class='ocrx_word' id='word_1_216' title='bbox 1179 2048 1481 2097; x_wconf 87' lang='lat' dir='ltr'><strong>solitudinem</strong></span> <span class='ocrx_word' id='word_1_217' title='bbox 1519 2049 1663 2097; x_wconf 89' lang='lat' dir='ltr'><strong>maris</strong></span> <span class='ocrx_word' id='word_1_218' title='bbox 1703 2049 1914 2113; x_wconf 89' lang='lat' dir='ltr'><strong>repetiit,</strong></span> 
     </span>
     <span class='ocr_line' id='line_1_28' title="bbox 244 2117 1915 2187; baseline -0.003 -18"><span class='ocrx_word' id='word_1_219' title='bbox 244 2121 427 2187; x_wconf 91' lang='lat' dir='ltr'><strong>pudore</strong></span> <span class='ocrx_word' id='word_1_220' title='bbox 464 2120 706 2168; x_wconf 88' lang='lat' dir='ltr'><strong>scelerum</strong></span> <span class='ocrx_word' id='word_1_221' title='bbox 741 2127 789 2167; x_wconf 91' lang='lat' dir='ltr'><strong>et</strong></span> <span class='ocrx_word' id='word_1_222' title='bbox 825 2118 1092 2182; x_wconf 89' lang='lat' dir='ltr'><strong>libidinum,</strong></span> <span class='ocrx_word' id='word_1_223' title='bbox 1130 2117 1300 2183; x_wconf 89' lang='lat' dir='ltr'><strong>quibus</strong></span> <span class='ocrx_word' id='word_1_224' title='bbox 1335 2118 1458 2167; x_wconf 91' lang='lat' dir='ltr'><strong>adeo</strong></span> <span class='ocrx_word' id='word_1_225' title='bbox 1503 2118 1743 2166; x_wconf 85' lang='lat' dir='ltr'><strong>indomitis</strong></span> <span class='ocrx_word' id='word_1_226' title='bbox 1779 2133 1915 2166; x_wconf 85' lang='lat' dir='ltr'><strong>exar-</strong></span> 
     </span>
     <span class='ocr_line' id='line_1_29' title="bbox 242 2187 1917 2254; baseline -0.003 -15"><span class='ocrx_word' id='word_1_227' title='bbox 242 2197 387 2253; x_wconf 87' lang='lat' dir='ltr'><strong>serat,</strong></span> <span class='ocrx_word' id='word_1_228' title='bbox 416 2197 465 2238; x_wconf 92' lang='lat' dir='ltr'><strong>ut</strong></span> <span class='ocrx_word' id='word_1_229' title='bbox 490 2204 626 2238; x_wconf 90' lang='lat' dir='ltr'><strong>more</strong></span> <span class='ocrx_word' id='word_1_230' title='bbox 652 2190 792 2252; x_wconf 85' lang='lat' dir='ltr'><strong>regio</strong></span> <span class='ocrx_word' id='word_1_231' title='bbox 822 2189 998 2254; x_wconf 91' lang='lat' dir='ltr'><strong>pubem</strong></span> <span class='ocrx_word' id='word_1_232' title='bbox 1024 2190 1282 2252; x_wconf 90' lang='lat' dir='ltr'><strong>ingenuam</strong></span> <span class='ocrx_word' id='word_1_233' title='bbox 1309 2190 1489 2253; x_wconf 90' lang='lat' dir='ltr'><strong>stupris</strong></span> <span class='ocrx_word' id='word_1_234' title='bbox 1518 2187 1775 2252; x_wconf 87' lang='lat' dir='ltr'><strong>pollueret.</strong></span> <span class='ocrx_word' id='word_1_235' title='bbox 1826 2201 1917 2235; x_wconf 87' lang='lat' dir='ltr'><strong>nec</strong></span> 
     </span>
     <span class='ocr_line' id='line_1_30' title="bbox 242 2257 1915 2324; baseline -0.003 -16"><span class='ocrx_word' id='word_1_236' title='bbox 242 2261 443 2309; x_wconf 78' lang='lat' dir='ltr'><strong>sormam</strong></span> <span class='ocrx_word' id='word_1_237' title='bbox 467 2267 645 2307; x_wconf 91' lang='lat' dir='ltr'><strong>tantum</strong></span> <span class='ocrx_word' id='word_1_238' title='bbox 673 2266 719 2307; x_wconf 91' lang='lat' dir='ltr'><strong>et</strong></span> <span class='ocrx_word' id='word_1_239' title='bbox 745 2258 926 2308; x_wconf 90' lang='lat' dir='ltr'><strong>decora</strong></span> <span class='ocrx_word' id='word_1_240' title='bbox 954 2273 1192 2324; x_wconf 83' lang='lat' dir='ltr'><strong>corpora,</strong></span> <span class='ocrx_word' id='word_1_241' title='bbox 1231 2265 1305 2306; x_wconf 93' lang='lat' dir='ltr'><strong>set</strong></span> <span class='ocrx_word' id='word_1_242' title='bbox 1330 2259 1374 2305; x_wconf 92' lang='lat' dir='ltr'><strong>in</strong></span> <span class='ocrx_word' id='word_1_243' title='bbox 1400 2257 1474 2306; x_wconf 85' lang='lat' dir='ltr'><strong>his</strong></span> <span class='ocrx_word' id='word_1_244' title='bbox 1503 2257 1767 2306; x_wconf 86' lang='lat' dir='ltr'><strong>modestam</strong></span> <span class='ocrx_word' id='word_1_245' title='bbox 1802 2271 1915 2320; x_wconf 87' lang='lat' dir='ltr'><strong>pue-</strong></span> 
     </span>
    </p>

    <p class='ocr_par' dir='ltr' id='par_1_9' title="bbox 185 2326 1917 2670">
     <span class='ocr_line' id='line_1_31' title="bbox 185 2326 1917 2391; baseline -0.001 -16"><span class='ocrx_word' id='word_1_246' title='bbox 185 2341 227 2380; x_wconf 79' lang='grc' dir='ltr'><strong>ιο</strong></span> <span class='ocrx_word' id='word_1_247' title='bbox 244 2330 423 2390; x_wconf 88' lang='lat' dir='ltr'><strong>ritiam,</strong></span> <span class='ocrx_word' id='word_1_248' title='bbox 475 2330 521 2375; x_wconf 91' lang='lat' dir='ltr'><strong>in</strong></span> <span class='ocrx_word' id='word_1_249' title='bbox 567 2329 672 2376; x_wconf 91' lang='lat' dir='ltr'><strong>aliis</strong></span> <span class='ocrx_word' id='word_1_250' title='bbox 718 2329 951 2390; x_wconf 89' lang='lat' dir='ltr'><strong>imagines</strong></span> <span class='ocrx_word' id='word_1_251' title='bbox 1002 2328 1232 2376; x_wconf 74' lang='lat' dir='ltr'><strong>maIOrum</strong></span> <span class='ocrx_word' id='word_1_252' title='bbox 1280 2328 1632 2375; x_wconf 89' lang='lat' dir='ltr'><strong>incitamentum</strong></span> <span class='ocrx_word' id='word_1_253' title='bbox 1682 2326 1917 2391; x_wconf 88' lang='lat' dir='ltr'><strong>cupidinis</strong></span> 
     </span>
     <span class='ocr_line' id='line_1_32' title="bbox 242 2392 1917 2461; baseline -0.002 -15"><span class='ocrx_word' id='word_1_254' title='bbox 242 2396 465 2447; x_wconf 84' lang='lat' dir='ltr'><strong>habebat.</strong></span> <span class='ocrx_word' id='word_1_255' title='bbox 530 2405 738 2460; x_wconf 88' lang='lat' dir='ltr'><strong>tuncque</strong></span> <span class='ocrx_word' id='word_1_256' title='bbox 774 2399 975 2461; x_wconf 89' lang='lat' dir='ltr'><strong>primum</strong></span> <span class='ocrx_word' id='word_1_257' title='bbox 1026 2392 1191 2459; x_wconf 80' lang='lat' dir='ltr'><strong>ignota</strong></span> <span class='ocrx_word' id='word_1_258' title='bbox 1240 2404 1382 2444; x_wconf 90' lang='lat' dir='ltr'><strong>antea</strong></span> <span class='ocrx_word' id='word_1_259' title='bbox 1430 2395 1666 2444; x_wconf 90' lang='lat' dir='ltr'><strong>vocabula</strong></span> <span class='ocrx_word' id='word_1_260' title='bbox 1721 2402 1917 2459; x_wconf 89' lang='lat' dir='ltr'><strong>reperta</strong></span> 
     </span>
     <span class='ocr_line' id='line_1_33' title="bbox 244 2464 1915 2530; baseline -0.004 -14"><span class='ocrx_word' id='word_1_261' title='bbox 244 2475 352 2517; x_wconf 92' lang='lat' dir='ltr'><strong>sunt</strong></span> <span class='ocrx_word' id='word_1_262' title='bbox 379 2466 680 2515; x_wconf 89' lang='lat' dir='ltr'><strong>sellariorum</strong></span> <span class='ocrx_word' id='word_1_263' title='bbox 711 2474 757 2514; x_wconf 90' lang='lat' dir='ltr'><strong>et</strong></span> <span class='ocrx_word' id='word_1_264' title='bbox 786 2467 1091 2530; x_wconf 89' lang='lat' dir='ltr'><strong>psintriarum</strong></span> <span class='ocrx_word' id='word_1_265' title='bbox 1119 2481 1181 2514; x_wconf 86' lang='lat' dir='ltr'><strong>ex</strong></span> <span class='ocrx_word' id='word_1_266' title='bbox 1207 2465 1437 2514; x_wconf 83' lang='lat' dir='ltr'><strong>foeditate</strong></span> <span class='ocrx_word' id='word_1_267' title='bbox 1467 2465 1562 2514; x_wconf 90' lang='lat' dir='ltr'><strong>loci</strong></span> <span class='ocrx_word' id='word_1_268' title='bbox 1586 2479 1645 2513; x_wconf 91' lang='lat' dir='ltr'><strong>ac</strong></span> <span class='ocrx_word' id='word_1_269' title='bbox 1667 2464 1915 2528; x_wconf 90' lang='lat' dir='ltr'><strong>multiplici</strong></span> 
     </span>
     <span class='ocr_line' id='line_1_34' title="bbox 245 2533 1912 2602; baseline -0.002 -17"><span class='ocrx_word' id='word_1_270' title='bbox 245 2538 501 2602; x_wconf 79' lang='lat' dir='ltr'><strong>patientia3</strong></span> <span class='ocrx_word' id='word_1_271' title='bbox 537 2537 900 2601; x_wconf 88' lang='lat' dir='ltr'><strong>praepositique</strong></span> <span class='ocrx_word' id='word_1_272' title='bbox 921 2537 1066 2599; x_wconf 87' lang='lat' dir='ltr'><strong>servi,</strong></span> <span class='ocrx_word' id='word_1_273' title='bbox 1092 2537 1171 2599; x_wconf 90' lang='lat' dir='ltr'><strong>qui</strong></span> <span class='ocrx_word' id='word_1_274' title='bbox 1196 2537 1538 2599; x_wconf 88' lang='lat' dir='ltr'><strong>conquirerent</strong></span> <span class='ocrx_word' id='word_1_275' title='bbox 1560 2533 1912 2600; x_wconf 87' lang='lat' dir='ltr'><strong>pertraherent,</strong></span> 
     </span>
     <span class='ocr_line' id='line_1_35' title="bbox 245 2602 1914 2670; baseline -0.004 -15"><span class='ocrx_word' id='word_1_276' title='bbox 245 2607 371 2655; x_wconf 89' lang='lat' dir='ltr'><strong>dona</strong></span> <span class='ocrx_word' id='word_1_277' title='bbox 396 2608 443 2654; x_wconf 91' lang='lat' dir='ltr'><strong>in</strong></span> <span class='ocrx_word' id='word_1_278' title='bbox 475 2613 749 2670; x_wconf 75' lang='lat' dir='ltr'><strong>promptOS‚</strong></span> <span class='ocrx_word' id='word_1_279' title='bbox 779 2607 928 2653; x_wconf 90' lang='lat' dir='ltr'><strong>minas</strong></span> <span class='ocrx_word' id='word_1_280' title='bbox 959 2605 1215 2654; x_wconf 89' lang='lat' dir='ltr'><strong>adversum</strong></span> <span class='ocrx_word' id='word_1_281' title='bbox 1240 2603 1534 2666; x_wconf 89' lang='lat' dir='ltr'><strong>abnuentes,</strong></span> <span class='ocrx_word' id='word_1_282' title='bbox 1570 2611 1618 2652; x_wconf 88' lang='lat' dir='ltr'><strong>et</strong></span> <span class='ocrx_word' id='word_1_283' title='bbox 1658 2604 1700 2651; x_wconf 88' lang='lat' dir='ltr'><strong>si</strong></span> <span class='ocrx_word' id='word_1_284' title='bbox 1739 2602 1914 2650; x_wconf 89' lang='lat' dir='ltr'><strong>retine-</strong></span> 
     </span>
    </p>

    <p class='ocr_par' dir='ltr' id='par_1_10' title="bbox 188 2671 1915 2808">
     <span class='ocr_line' id='line_1_36' title="bbox 188 2671 1915 2740; baseline -0.002 -16"><span class='ocrx_word' id='word_1_285' title='bbox 188 2695 227 2727; x_wconf 75' lang='grc' dir='ltr'><strong>ιε,</strong></span> <span class='ocrx_word' id='word_1_286' title='bbox 244 2684 350 2725; x_wconf 89' lang='lat' dir='ltr'><strong>rent</strong></span> <span class='ocrx_word' id='word_1_287' title='bbox 389 2676 685 2740; x_wconf 88' lang='lat' dir='ltr'><strong>propinquus</strong></span> <span class='ocrx_word' id='word_1_288' title='bbox 722 2682 800 2723; x_wconf 73' lang='lat' dir='ltr'><strong>aut</strong></span> <span class='ocrx_word' id='word_1_289' title='bbox 838 2689 1040 2738; x_wconf 87' lang='lat' dir='ltr'><strong>parens,</strong></span> <span class='ocrx_word' id='word_1_290' title='bbox 1085 2675 1179 2723; x_wconf 89' lang='lat' dir='ltr'><strong>vim</strong></span> <span class='ocrx_word' id='word_1_291' title='bbox 1215 2681 1380 2739; x_wconf 90' lang='lat' dir='ltr'><strong>raptus</strong></span> <span class='ocrx_word' id='word_1_292' title='bbox 1423 2688 1603 2737; x_wconf 83' lang='lat' dir='ltr'><strong>suaque</strong></span> <span class='ocrx_word' id='word_1_293' title='bbox 1648 2672 1740 2737; x_wconf 87' lang='lat' dir='ltr'><strong>ipsi</strong></span> <span class='ocrx_word' id='word_1_294' title='bbox 1783 2671 1915 2720; x_wconf 88' lang='lat' dir='ltr'><strong>libita</strong></span> 
     </span>
     <span class='ocr_line' id='line_1_37' title="bbox 245 2744 987 2808; baseline -0.001 -15"><span class='ocrx_word' id='word_1_295' title='bbox 245 2746 376 2793; x_wconf 82' lang='lat' dir='ltr'><strong>velut</strong></span> <span class='ocrx_word' id='word_1_296' title='bbox 401 2747 447 2792; x_wconf 92' lang='lat' dir='ltr'><strong>in</strong></span> <span class='ocrx_word' id='word_1_297' title='bbox 479 2753 648 2808; x_wconf 91' lang='lat' dir='ltr'><strong>captos</strong></span> <span class='ocrx_word' id='word_1_298' title='bbox 675 2744 987 2792; x_wconf 87' lang='lat' dir='ltr'><strong>exercebant.</strong></span> 
     </span>
    </p>

    <p class='ocr_par' dir='ltr' id='par_1_11' title="bbox 202 2810 1915 2947">
     <span class='ocr_line' id='line_1_38' title="bbox 202 2810 1911 2877; baseline -0.002 -17"><span class='ocrx_word' id='word_1_299' title='bbox 202 2817 228 2860; x_wconf 84' lang='lat'><strong>2</strong></span> <span class='ocrx_word' id='word_1_300' title='bbox 346 2814 392 2862; x_wconf 83' lang='lat'><strong>8.</strong></span> <span class='ocrx_word' id='word_1_301' title='bbox 434 2814 496 2861; x_wconf 87' lang='lat' dir='ltr'><strong>At</strong></span> <span class='ocrx_word' id='word_1_302' title='bbox 531 2814 715 2862; x_wconf 86' lang='lat' dir='ltr'><strong>Romae</strong></span> <span class='ocrx_word' id='word_1_303' title='bbox 757 2815 992 2877; x_wconf 90' lang='lat' dir='ltr'><strong>principio</strong></span> <span class='ocrx_word' id='word_1_304' title='bbox 1024 2816 1160 2876; x_wconf 88' lang='lat' dir='ltr'><strong>anni,</strong></span> <span class='ocrx_word' id='word_1_305' title='bbox 1198 2815 1332 2877; x_wconf 88' lang='lat' dir='ltr'><strong>quasi</strong></span> <span class='ocrx_word' id='word_1_306' title='bbox 1369 2826 1542 2860; x_wconf 89' lang='lat' dir='ltr'><strong>recens</strong></span> <span class='ocrx_word' id='word_1_307' title='bbox 1593 2812 1797 2873; x_wconf 87' lang='lat' dir='ltr'><strong>cognitis</strong></span> <span class='ocrx_word' id='word_1_308' title='bbox 1842 2810 1911 2858; x_wconf 92' lang='lat' dir='ltr'><strong>Li-</strong></span> 
     </span>
     <span class='ocr_line' id='line_1_39' title="bbox 247 2880 1915 2947; baseline -0.002 -17"><span class='ocrx_word' id='word_1_309' title='bbox 247 2883 353 2930; x_wconf 87' lang='lat' dir='ltr'><strong>viae</strong></span> <span class='ocrx_word' id='word_1_310' title='bbox 381 2882 571 2944; x_wconf 89' lang='lat' dir='ltr'><strong>flagitiis</strong></span> <span class='ocrx_word' id='word_1_311' title='bbox 599 2898 655 2931; x_wconf 89' lang='lat' dir='ltr'><strong>ac</strong></span> <span class='ocrx_word' id='word_1_312' title='bbox 685 2897 778 2930; x_wconf 93' lang='lat' dir='ltr'><strong>non</strong></span> <span class='ocrx_word' id='word_1_313' title='bbox 811 2883 995 2946; x_wconf 89' lang='lat' dir='ltr'><strong>pridem</strong></span> <span class='ocrx_word' id='word_1_314' title='bbox 1027 2885 1167 2931; x_wconf 90' lang='lat' dir='ltr'><strong>etiam</strong></span> <span class='ocrx_word' id='word_1_315' title='bbox 1195 2883 1392 2947; x_wconf 87' lang='lat' dir='ltr'><strong>punitis,</strong></span> <span class='ocrx_word' id='word_1_316' title='bbox 1433 2888 1623 2928; x_wconf 89' lang='lat' dir='ltr'><strong>atroces</strong></span> <span class='ocrx_word' id='word_1_317' title='bbox 1650 2880 1915 2927; x_wconf 88' lang='lat' dir='ltr'><strong>sententiae</strong></span> 
     </span>
    </p>
   </div>
  </div>
 </body>
</html>
