<?xml version="1.0" encoding="UTF-8"?>
<!DOCTYPE html PUBLIC "-//W3C//DTD XHTML 1.0 Transitional//EN"
    "http://www.w3.org/TR/xhtml1/DTD/xhtml1-transitional.dtd">
<html xmlns="http://www.w3.org/1999/xhtml" xml:lang="en" lang="en">
 <head>
  <title>
</title>
<meta http-equiv="Content-Type" content="text/html;charset=utf-8" />
  <meta name='ocr-system' content='tesseract 3.04.00' />
  <meta name='ocr-capabilities' content='ocr_page ocr_carea ocr_par ocr_line ocrx_word'/>
</head>
<body>
  <div class='ocr_page' id='page_1' title='image "./libriquisupersun01taciuoft_0278.png"; bbox 0 0 1976 3224; ppageno 0'>
   <div class='ocr_carea' id='block_1_1' title="bbox 255 186 1547 241">
    <p class='ocr_par' dir='ltr' id='par_1_1' title="bbox 255 186 1547 241">
     <span class='ocr_line' id='line_1_1' title="bbox 255 186 1547 241; baseline 0.003 -6"><span class='ocrx_word' id='word_1_1' title='bbox 255 186 358 241; x_wconf 82' lang='lat'><strong>220</strong></span> <span class='ocrx_word' id='word_1_2' title='bbox 711 197 989 235; x_wconf 79' lang='lat' dir='ltr'>CORNELII</span> <span class='ocrx_word' id='word_1_3' title='bbox 1016 198 1215 236; x_wconf 81' lang='lat' dir='ltr'><strong>TACITI</strong></span> <span class='ocrx_word' id='word_1_4' title='bbox 1242 199 1547 239; x_wconf 80' lang='lat' dir='ltr'><strong>ANNALIUM</strong></span> 
     </span>
    </p>
   </div>
   <div class='ocr_carea' id='block_1_2' title="bbox 190 326 1976 2980">
    <p class='ocr_par' dir='ltr' id='par_1_2' title="bbox 196 326 1929 514">
     <span class='ocr_line' id='line_1_2' title="bbox 196 326 1929 392; baseline 0 -15"><span class='ocrx_word' id='word_1_5' title='bbox 196 327 402 377; x_wconf 69' lang='lat' dir='ltr'><strong>internis</strong></span> <span class='ocrx_word' id='word_1_6' title='bbox 434 334 707 375; x_wconf 86' lang='lat' dir='ltr'><strong>meruerant</strong></span> <span class='ocrx_word' id='word_1_7' title='bbox 745 333 822 375; x_wconf 91' lang='lat' dir='ltr'><strong>aut</strong></span> <span class='ocrx_word' id='word_1_8' title='bbox 860 326 986 376; x_wconf 91' lang='lat' dir='ltr'><strong>domi</strong></span> <span class='ocrx_word' id='word_1_9' title='bbox 1030 327 1266 376; x_wconf 86' lang='lat' dir='ltr'><strong>seditione</strong></span> <span class='ocrx_word' id='word_1_10' title='bbox 1308 328 1634 392; x_wconf 88' lang='lat' dir='ltr'><strong>deliquerant;</strong></span> <span class='ocrx_word' id='word_1_11' title='bbox 1685 328 1929 377; x_wconf 86' lang='lat' dir='ltr'><strong>tributum·</strong></span> 
     </span>
     <span class='ocr_line' id='line_1_3' title="bbox 253 395 1928 463; baseline 0.002 -19"><span class='ocrx_word' id='word_1_12' title='bbox 253 411 346 461; x_wconf 91' lang='lat' dir='ltr'><strong>que</strong></span> <span class='ocrx_word' id='word_1_13' title='bbox 373 395 728 460; x_wconf 79' lang='lat' dir='ltr'><strong>Apamensibus</strong></span> <span class='ocrx_word' id='word_1_14' title='bbox 757 405 917 446; x_wconf 89' lang='lat' dir='ltr'><strong>terrae</strong></span> <span class='ocrx_word' id='word_1_15' title='bbox 942 404 1074 445; x_wconf 90' lang='lat' dir='ltr'><strong>motu</strong></span> <span class='ocrx_word' id='word_1_16' title='bbox 1106 398 1353 447; x_wconf 87' lang='lat' dir='ltr'><strong>convolsis</strong></span> <span class='ocrx_word' id='word_1_17' title='bbox 1389 400 1434 446; x_wconf 91' lang='lat' dir='ltr'><strong>in</strong></span> <span class='ocrx_word' id='word_1_18' title='bbox 1460 399 1828 463; x_wconf 81' lang='lat' dir='ltr'><strong>quinquennium</strong></span> <span class='ocrx_word' id='word_1_19' title='bbox 1853 414 1928 448; x_wconf 88' lang='lat' dir='ltr'><strong>re·</strong></span> 
     </span>
     <span class='ocr_line' id='line_1_4' title="bbox 250 481 461 514; baseline -0.005 0"><span class='ocrx_word' id='word_1_20' title='bbox 250 481 461 514; x_wconf 84' lang='lat' dir='ltr'><strong>missum.</strong></span> 
     </span>
    </p>

    <p class='ocr_par' dir='ltr' id='par_1_3' title="bbox 250 524 1976 813">
     <span class='ocr_line' id='line_1_5' title="bbox 356 524 1931 602; baseline 0.001 -17"><span class='ocrx_word' id='word_1_21' title='bbox 356 537 438 586; x_wconf 84' lang='lat'><strong>59</strong></span> <span class='ocrx_word' id='word_1_22' title='bbox 483 536 549 585; x_wconf 90' lang='lat' dir='ltr'><strong>At</strong></span> <span class='ocrx_word' id='word_1_23' title='bbox 575 535 802 586; x_wconf 89' lang='lat' dir='ltr'><strong>Claudius</strong></span> <span class='ocrx_word' id='word_1_24' title='bbox 831 538 1112 585; x_wconf 89' lang='lat' dir='ltr'><strong>saevissima</strong></span> <span class='ocrx_word' id='word_1_25' title='bbox 1140 551 1361 601; x_wconf 87' lang='lat' dir='ltr'><strong>quaeque</strong></span> <span class='ocrx_word' id='word_1_26' title='bbox 1395 551 1621 602; x_wconf 85' lang='lat' dir='ltr'><strong>promere</strong></span> <span class='ocrx_word' id='word_1_27' title='bbox 1647 524 1931 602; x_wconf 83' lang='lat' dir='ltr'><strong>adigebatur</strong></span> 
     </span>
     <span class='ocr_line' id='line_1_6' title="bbox 251 605 1976 673; baseline 0.002 -19"><span class='ocrx_word' id='word_1_28' title='bbox 251 605 463 655; x_wconf 89' lang='lat' dir='ltr'><strong>eiusdem</strong></span> <span class='ocrx_word' id='word_1_29' title='bbox 484 606 789 672; x_wconf 83' lang='lat' dir='ltr'><strong>Agrippinae</strong></span> <span class='ocrx_word' id='word_1_30' title='bbox 824 605 1203 671; x_wconf 80' lang='lat' dir='ltr'><strong>artib11S,quae</strong></span> <span class='ocrx_word' id='word_1_31' title='bbox 1245 606 1478 655; x_wconf 89' lang='lat' dir='ltr'><strong>Statilium</strong></span> <span class='ocrx_word' id='word_1_32' title='bbox 1512 607 1716 657; x_wconf 87' lang='lat' dir='ltr'><strong>Taurum</strong></span> <span class='ocrx_word' id='word_1_33' title='bbox 1755 608 1931 673; x_wconf 85' lang='lat' dir='ltr'><strong>opibus</strong></span> <span class='ocrx_word' id='word_1_34' title='bbox 1973 622 1976 646; x_wconf 66' lang='lat'><strong><em>⁴</em></strong></span> 
     </span>
     <span class='ocr_line' id='line_1_7' title="bbox 250 675 1930 742; baseline 0.002 -17"><span class='ocrx_word' id='word_1_35' title='bbox 250 676 500 725; x_wconf 81' lang='lat' dir='ltr'><strong>inlustrem</strong></span> <span class='ocrx_word' id='word_1_36' title='bbox 550 676 704 732; x_wconf 82' lang='lat' dir='ltr'><strong>hortis</strong></span> <span class='ocrx_word' id='word_1_37' title='bbox 745 678 847 725; x_wconf 89' lang='lat' dir='ltr'><strong>eius</strong></span> <span class='ocrx_word' id='word_1_38' title='bbox 883 675 1069 725; x_wconf 86' lang='lat' dir='ltr'><strong>inhians</strong></span> <span class='ocrx_word' id='word_1_39' title='bbox 1106 678 1341 741; x_wconf 83' lang='lat' dir='ltr'><strong>pervertit</strong></span> <span class='ocrx_word' id='word_1_40' title='bbox 1384 685 1640 727; x_wconf 82' lang='lat' dir='ltr'><strong>accusante</strong></span> <span class='ocrx_word' id='word_1_41' title='bbox 1683 678 1930 742; x_wconf 85' lang='lat' dir='ltr'><strong>Tarquitio</strong></span> 
     </span>
     <span class='ocr_line' id='line_1_8' title="bbox 250 746 1930 813; baseline 0.001 -17"><span class='ocrx_word' id='word_1_42' title='bbox 250 746 437 796; x_wconf 89' lang='lat' dir='ltr'><strong>Prisco.</strong></span> <span class='ocrx_word' id='word_1_43' title='bbox 478 746 684 809; x_wconf 89' lang='lat' dir='ltr'><strong>legatus</strong></span> <span class='ocrx_word' id='word_1_44' title='bbox 723 747 765 795; x_wconf 91' lang='lat' dir='ltr'><strong>is</strong></span> <span class='ocrx_word' id='word_1_45' title='bbox 802 746 946 796; x_wconf 88' lang='lat' dir='ltr'><strong>Tauri</strong></span> <span class='ocrx_word' id='word_1_46' title='bbox 982 747 1198 796; x_wconf 87' lang='lat' dir='ltr'><strong>Africam</strong></span> <span class='ocrx_word' id='word_1_47' title='bbox 1227 747 1440 812; x_wconf 64' lang='lat' dir='ltr'><strong>imperio</strong></span> <span class='ocrx_word' id='word_1_48' title='bbox 1482 748 1820 813; x_wconf 85' lang='lat' dir='ltr'><strong>proconsulari</strong></span> <span class='ocrx_word' id='word_1_49' title='bbox 1855 764 1930 798; x_wconf 89' lang='lat' dir='ltr'><strong>re-</strong></span> 
     </span>
    </p>

    <p class='ocr_par' dir='ltr' id='par_1_4' title="bbox 191 818 1932 1232">
     <span class='ocr_line' id='line_1_9' title="bbox 211 818 1931 883; baseline 0.002 -19"><span class='ocrx_word' id='word_1_50' title='bbox 211 818 438 880; x_wconf 79' lang='lat' dir='ltr'><strong>5gentiS,</strong></span> <span class='ocrx_word' id='word_1_51' title='bbox 481 824 736 881; x_wconf 91' lang='lat' dir='ltr'><strong>postquam</strong></span> <span class='ocrx_word' id='word_1_52' title='bbox 761 824 1080 881; x_wconf 89' lang='lat' dir='ltr'><strong>revenerant,</strong></span> <span class='ocrx_word' id='word_1_53' title='bbox 1125 832 1279 882; x_wconf 88' lang='lat' dir='ltr'><strong>pauca</strong></span> <span class='ocrx_word' id='word_1_54' title='bbox 1313 818 1686 882; x_wconf 87' lang='lat' dir='ltr'><strong>repetundarum</strong></span> <span class='ocrx_word' id='word_1_55' title='bbox 1715 819 1931 883; x_wconf 89' lang='lat' dir='ltr'><strong>crimina,</strong></span> 
     </span>
     <span class='ocr_line' id='line_1_10' title="bbox 251 887 1932 952; baseline 0.002 -18"><span class='ocrx_word' id='word_1_56' title='bbox 251 894 463 936; x_wconf 88' lang='lat' dir='ltr'><strong>ceterum</strong></span> <span class='ocrx_word' id='word_1_57' title='bbox 501 888 715 950; x_wconf 87' lang='lat' dir='ltr'><strong>magicas</strong></span> <span class='ocrx_word' id='word_1_58' title='bbox 757 887 1126 952; x_wconf 84' lang='lat' dir='ltr'><strong>superstitiones</strong></span> <span class='ocrx_word' id='word_1_59' title='bbox 1166 887 1457 937; x_wconf 80' lang='lat' dir='ltr'><strong>obiectabat.</strong></span> <span class='ocrx_word' id='word_1_60' title='bbox 1509 903 1601 938; x_wconf 89' lang='lat' dir='ltr'><strong>nec</strong></span> <span class='ocrx_word' id='word_1_61' title='bbox 1638 888 1721 937; x_wconf 90' lang='lat' dir='ltr'><strong>ille</strong></span> <span class='ocrx_word' id='word_1_62' title='bbox 1756 888 1932 938; x_wconf 87' lang='lat' dir='ltr'><strong>diutius</strong></span> 
     </span>
     <span class='ocr_line' id='line_1_11' title="bbox 249 956 1931 1023; baseline 0.001 -18"><span class='ocrx_word' id='word_1_63' title='bbox 249 956 420 1006; x_wconf 83' lang='lat' dir='ltr'><strong>falsum</strong></span> <span class='ocrx_word' id='word_1_64' title='bbox 458 964 819 1020; x_wconf 81' lang='lat' dir='ltr'><strong>accusatorem,</strong></span> <span class='ocrx_word' id='word_1_65' title='bbox 867 957 1091 1020; x_wconf 88' lang='lat' dir='ltr'><strong>indignas</strong></span> <span class='ocrx_word' id='word_1_66' title='bbox 1131 957 1304 1006; x_wconf 87' lang='lat' dir='ltr'><strong>sordes</strong></span> <span class='ocrx_word' id='word_1_67' title='bbox 1340 973 1634 1023; x_wconf 85' lang='lat' dir='ltr'><strong>perpessus,</strong></span> <span class='ocrx_word' id='word_1_68' title='bbox 1672 959 1766 1007; x_wconf 91' lang='lat' dir='ltr'><strong>vim</strong></span> <span class='ocrx_word' id='word_1_69' title='bbox 1801 961 1931 1008; x_wconf 90' lang='lat' dir='ltr'><strong>vitae</strong></span> 
     </span>
     <span class='ocr_line' id='line_1_12' title="bbox 249 1027 1930 1092; baseline 0.003 -17"><span class='ocrx_word' id='word_1_70' title='bbox 249 1042 365 1076; x_wconf 91' lang='lat' dir='ltr'><strong>suae</strong></span> <span class='ocrx_word' id='word_1_71' title='bbox 402 1027 556 1075; x_wconf 87' lang='lat' dir='ltr'><strong>attulit</strong></span> <span class='ocrx_word' id='word_1_72' title='bbox 589 1034 698 1075; x_wconf 88' lang='lat' dir='ltr'><strong>ante</strong></span> <span class='ocrx_word' id='word_1_73' title='bbox 736 1029 1019 1076; x_wconf 90' lang='lat' dir='ltr'><strong>sententiam</strong></span> <span class='ocrx_word' id='word_1_74' title='bbox 1044 1035 1255 1077; x_wconf 89' lang='lat' dir='ltr'><strong>senatus.</strong></span> <span class='ocrx_word' id='word_1_75' title='bbox 1311 1027 1586 1092; x_wconf 85' lang='lat' dir='ltr'><strong>Tarquitius</strong></span> <span class='ocrx_word' id='word_1_76' title='bbox 1610 1035 1768 1078; x_wconf 89' lang='lat' dir='ltr'><strong>tamen</strong></span> <span class='ocrx_word' id='word_1_77' title='bbox 1797 1029 1930 1080; x_wconf 79' lang='lat' dir='ltr'><strong>curia</strong></span> 
     </span>
     <span class='ocr_line' id='line_1_13' title="bbox 250 1096 1929 1164; baseline 0.001 -19"><span class='ocrx_word' id='word_1_78' title='bbox 250 1105 451 1146; x_wconf 87' lang='lat' dir='ltr'><strong>exactus</strong></span> <span class='ocrx_word' id='word_1_79' title='bbox 479 1104 566 1161; x_wconf 85' lang='lat' dir='ltr'><strong>est,</strong></span> <span class='ocrx_word' id='word_1_80' title='bbox 595 1096 724 1161; x_wconf 90' lang='lat' dir='ltr'><strong>quod</strong></span> <span class='ocrx_word' id='word_1_81' title='bbox 745 1104 909 1162; x_wconf 90' lang='lat' dir='ltr'><strong>patres</strong></span> <span class='ocrx_word' id='word_1_82' title='bbox 931 1096 1042 1147; x_wconf 91' lang='lat' dir='ltr'><strong>odio</strong></span> <span class='ocrx_word' id='word_1_83' title='bbox 1065 1097 1295 1147; x_wconf 89' lang='lat' dir='ltr'><strong>delatoris</strong></span> <span class='ocrx_word' id='word_1_84' title='bbox 1315 1105 1484 1147; x_wconf 90' lang='lat' dir='ltr'><strong>contra</strong></span> <span class='ocrx_word' id='word_1_85' title='bbox 1507 1097 1729 1148; x_wconf 88' lang='lat' dir='ltr'><strong>ambitum</strong></span> <span class='ocrx_word' id='word_1_86' title='bbox 1749 1098 1929 1164; x_wconf 88' lang='lat' dir='ltr'><strong>Agrip-</strong></span> 
     </span>
     <span class='ocr_line' id='line_1_14' title="bbox 191 1168 693 1232; baseline -0.004 -16"><span class='ocrx_word' id='word_1_87' title='bbox 191 1183 233 1217; x_wconf 90' lang='lat'><strong>10</strong></span> <span class='ocrx_word' id='word_1_88' title='bbox 251 1168 394 1231; x_wconf 89' lang='lat' dir='ltr'><strong>pinae</strong></span> <span class='ocrx_word' id='word_1_89' title='bbox 421 1169 693 1232; x_wconf 88' lang='lat' dir='ltr'><strong>pervicere.</strong></span> 
     </span>
    </p>

    <p class='ocr_par' dir='ltr' id='par_1_5' title="bbox 247 1230 1932 1513">
     <span class='ocr_line' id='line_1_15' title="bbox 356 1230 1931 1320; baseline 0.001 -33"><span class='ocrx_word' id='word_1_90' title='bbox 356 1238 440 1287; x_wconf 87' lang='grc'><strong>60.</strong></span> <span class='ocrx_word' id='word_1_91' title='bbox 485 1237 671 1286; x_wconf 90' lang='lat' dir='ltr'><strong>Eodem</strong></span> <span class='ocrx_word' id='word_1_92' title='bbox 708 1251 831 1286; x_wconf 92' lang='lat' dir='ltr'><strong>anno</strong></span> <span class='ocrx_word' id='word_1_93' title='bbox 877 1238 1074 1302; x_wconf 87' lang='lat' dir='ltr'><strong>saepius</strong></span> <span class='ocrx_word' id='word_1_94' title='bbox 1117 1237 1277 1287; x_wconf 90' lang='lat' dir='ltr'><strong>audita</strong></span> <span class='ocrx_word' id='word_1_95' title='bbox 1319 1252 1413 1287; x_wconf 85' lang='lat' dir='ltr'><strong>vox</strong></span> <span class='ocrx_word' id='word_1_96' title='bbox 1451 1239 1717 1320; x_wconf 86' lang='lat' dir='ltr'><strong>principis,</strong></span> <span class='ocrx_word' id='word_1_97' title='bbox 1763 1230 1931 1304; x_wconf 83' lang='lat' dir='ltr'><strong>parem</strong></span> 
     </span>
     <span class='ocr_line' id='line_1_16' title="bbox 247 1306 1932 1371; baseline 0.002 -16"><span class='ocrx_word' id='word_1_98' title='bbox 247 1307 342 1355; x_wconf 92' lang='lat' dir='ltr'><strong>vim</strong></span> <span class='ocrx_word' id='word_1_99' title='bbox 379 1323 538 1356; x_wconf 90' lang='lat' dir='ltr'><strong>rerum</strong></span> <span class='ocrx_word' id='word_1_100' title='bbox 573 1306 843 1356; x_wconf 89' lang='lat' dir='ltr'><strong>habendam</strong></span> <span class='ocrx_word' id='word_1_101' title='bbox 885 1322 912 1356; x_wconf 91' lang='lat' dir='ltr'><strong>a</strong></span> <span class='ocrx_word' id='word_1_102' title='bbox 950 1309 1351 1371; x_wconf 88' lang='lat' dir='ltr'><strong>procuratoribus</strong></span> <span class='ocrx_word' id='word_1_103' title='bbox 1389 1311 1489 1357; x_wconf 89' lang='lat' dir='ltr'><strong>suis</strong></span> <span class='ocrx_word' id='word_1_104' title='bbox 1527 1309 1841 1358; x_wconf 89' lang='lat' dir='ltr'><strong>iudicatarum</strong></span> <span class='ocrx_word' id='word_1_105' title='bbox 1873 1325 1932 1359; x_wconf 91' lang='lat' dir='ltr'><strong>ac</strong></span> 
     </span>
     <span class='ocr_line' id='line_1_17' title="bbox 248 1378 1931 1444; baseline 0.002 -19"><span class='ocrx_word' id='word_1_106' title='bbox 248 1379 288 1426; x_wconf 93' lang='lat' dir='ltr'><strong>si</strong></span> <span class='ocrx_word' id='word_1_107' title='bbox 314 1379 422 1442; x_wconf 89' lang='lat' dir='ltr'><strong>ipse</strong></span> <span class='ocrx_word' id='word_1_108' title='bbox 447 1378 709 1426; x_wconf 86' lang='lat' dir='ltr'><strong>statuisset.</strong></span> <span class='ocrx_word' id='word_1_109' title='bbox 759 1391 818 1426; x_wconf 91' lang='lat' dir='ltr'><strong>ac</strong></span> <span class='ocrx_word' id='word_1_110' title='bbox 843 1392 903 1426; x_wconf 88' lang='lat' dir='ltr'><strong>ne</strong></span> <span class='ocrx_word' id='word_1_111' title='bbox 929 1378 1126 1426; x_wconf 86' lang='lat' dir='ltr'><strong>fortuito</strong></span> <span class='ocrx_word' id='word_1_112' title='bbox 1152 1378 1412 1444; x_wconf 91' lang='lat' dir='ltr'><strong>prolapsus</strong></span> <span class='ocrx_word' id='word_1_113' title='bbox 1438 1378 1709 1441; x_wconf 84' lang='lat' dir='ltr'><strong>videretur,</strong></span> <span class='ocrx_word' id='word_1_114' title='bbox 1737 1386 1931 1429; x_wconf 90' lang='lat' dir='ltr'><strong>senatus</strong></span> 
     </span>
     <span class='ocr_line' id='line_1_18' title="bbox 249 1447 1931 1513; baseline 0.002 -17"><span class='ocrx_word' id='word_1_115' title='bbox 249 1462 442 1512; x_wconf 88' lang='lat' dir='ltr'><strong>quoquc</strong></span> <span class='ocrx_word' id='word_1_116' title='bbox 473 1447 696 1496; x_wconf 86' lang='lat' dir='ltr'><strong>consulto</strong></span> <span class='ocrx_word' id='word_1_117' title='bbox 725 1454 911 1496; x_wconf 89' lang='lat' dir='ltr'><strong>cautum</strong></span> <span class='ocrx_word' id='word_1_118' title='bbox 938 1447 1130 1511; x_wconf 88' lang='lat' dir='ltr'><strong>plenius</strong></span> <span class='ocrx_word' id='word_1_119' title='bbox 1156 1463 1296 1513; x_wconf 90' lang='lat' dir='ltr'><strong>quam</strong></span> <span class='ocrx_word' id='word_1_120' title='bbox 1323 1456 1465 1498; x_wconf 89' lang='lat' dir='ltr'><strong>antea</strong></span> <span class='ocrx_word' id='word_1_121' title='bbox 1489 1456 1538 1497; x_wconf 91' lang='lat' dir='ltr'><strong>et</strong></span> <span class='ocrx_word' id='word_1_122' title='bbox 1560 1448 1772 1498; x_wconf 85' lang='lat' dir='ltr'><strong>uberius.</strong></span> <span class='ocrx_word' id='word_1_123' title='bbox 1822 1464 1931 1499; x_wconf 89' lang='lat' dir='ltr'><strong>nam</strong></span> 
     </span>
    </p>

    <p class='ocr_par' dir='ltr' id='par_1_6' title="bbox 210 1516 1932 1863">
     <span class='ocr_line' id='line_1_19' title="bbox 210 1516 1930 1585; baseline 0.001 -19"><span class='ocrx_word' id='word_1_124' title='bbox 210 1534 230 1566; x_wconf 86' lang='lat'>5</span> <span class='ocrx_word' id='word_1_125' title='bbox 252 1517 388 1566; x_wconf 88' lang='lat' dir='ltr'><strong>divus</strong></span> <span class='ocrx_word' id='word_1_126' title='bbox 421 1516 670 1581; x_wconf 90' lang='lat' dir='ltr'><strong>Augustus</strong></span> <span class='ocrx_word' id='word_1_127' title='bbox 707 1517 834 1582; x_wconf 92' lang='lat' dir='ltr'><strong>apud</strong></span> <span class='ocrx_word' id='word_1_128' title='bbox 868 1524 1149 1581; x_wconf 77' lang='lat' dir='ltr'><strong>equestres,</strong></span> <span class='ocrx_word' id='word_1_129' title='bbox 1186 1520 1265 1582; x_wconf 90' lang='lat' dir='ltr'><strong>qui</strong></span> <span class='ocrx_word' id='word_1_130' title='bbox 1302 1518 1536 1584; x_wconf 79' lang='lat' dir='ltr'><strong>Aegypto</strong></span> <span class='ocrx_word' id='word_1_131' title='bbox 1577 1519 1930 1585; x_wconf 85' lang='lat' dir='ltr'><strong>praesiderent,</strong></span> 
     </span>
     <span class='ocr_line' id='line_1_20' title="bbox 247 1587 1931 1652; baseline 0.001 -16"><span class='ocrx_word' id='word_1_132' title='bbox 247 1587 362 1652; x_wconf 90' lang='lat' dir='ltr'><strong>lege</strong></span> <span class='ocrx_word' id='word_1_133' title='bbox 408 1589 488 1651; x_wconf 91' lang='lat' dir='ltr'><strong>agi</strong></span> <span class='ocrx_word' id='word_1_134' title='bbox 523 1587 816 1651; x_wconf 86' lang='lat' dir='ltr'><strong>decretaque</strong></span> <span class='ocrx_word' id='word_1_135' title='bbox 853 1601 1019 1636; x_wconf 88' lang='lat' dir='ltr'><strong>eorum</strong></span> <span class='ocrx_word' id='word_1_136' title='bbox 1051 1587 1254 1652; x_wconf 89' lang='lat' dir='ltr'><strong>perinde</strong></span> <span class='ocrx_word' id='word_1_137' title='bbox 1301 1587 1468 1637; x_wconf 90' lang='lat' dir='ltr'><strong>haberi</strong></span> <span class='ocrx_word' id='word_1_138' title='bbox 1512 1590 1742 1652; x_wconf 86' lang='lat' dir='ltr'><strong>iusserat,</strong></span> <span class='ocrx_word' id='word_1_139' title='bbox 1791 1604 1850 1638; x_wconf 89' lang='lat' dir='ltr'><strong>ac</strong></span> <span class='ocrx_word' id='word_1_140' title='bbox 1891 1589 1931 1637; x_wconf 90' lang='lat' dir='ltr'><strong>si</strong></span> 
     </span>
     <span class='ocr_line' id='line_1_21' title="bbox 247 1657 1932 1723; baseline 0.001 -17"><span class='ocrx_word' id='word_1_141' title='bbox 247 1658 554 1721; x_wconf 86' lang='lat' dir='ltr'><strong>magistratus</strong></span> <span class='ocrx_word' id='word_1_142' title='bbox 578 1658 785 1707; x_wconf 89' lang='lat' dir='ltr'><strong>Romani</strong></span> <span class='ocrx_word' id='word_1_143' title='bbox 813 1657 1198 1714; x_wconf 88' lang='lat' dir='ltr'><strong>constituissent;</strong></span> <span class='ocrx_word' id='word_1_144' title='bbox 1238 1672 1353 1707; x_wconf 85' lang='lat' dir='ltr'><strong>mox</strong></span> <span class='ocrx_word' id='word_1_145' title='bbox 1379 1658 1499 1707; x_wconf 89' lang='lat' dir='ltr'><strong>alias</strong></span> <span class='ocrx_word' id='word_1_146' title='bbox 1525 1673 1615 1723; x_wconf 88' lang='lat' dir='ltr'><strong>per</strong></span> <span class='ocrx_word' id='word_1_147' title='bbox 1650 1659 1932 1723; x_wconf 87' lang='lat' dir='ltr'><strong>provincias</strong></span> 
     </span>
     <span class='ocr_line' id='line_1_22' title="bbox 250 1727 1931 1793; baseline 0 -16"><span class='ocrx_word' id='word_1_148' title='bbox 250 1735 298 1777; x_wconf 90' lang='lat' dir='ltr'><strong>et</strong></span> <span class='ocrx_word' id='word_1_149' title='bbox 325 1729 372 1776; x_wconf 93' lang='lat' dir='ltr'><strong>in</strong></span> <span class='ocrx_word' id='word_1_150' title='bbox 405 1727 524 1776; x_wconf 88' lang='lat' dir='ltr'><strong>urbe</strong></span> <span class='ocrx_word' id='word_1_151' title='bbox 559 1727 795 1791; x_wconf 86' lang='lat' dir='ltr'><strong>pleraque</strong></span> <span class='ocrx_word' id='word_1_152' title='bbox 833 1742 1070 1776; x_wconf 88' lang='lat' dir='ltr'><strong>concessa</strong></span> <span class='ocrx_word' id='word_1_153' title='bbox 1107 1736 1240 1791; x_wconf 90' lang='lat' dir='ltr'><strong>sunt,</strong></span> <span class='ocrx_word' id='word_1_154' title='bbox 1278 1743 1402 1792; x_wconf 89' lang='lat' dir='ltr'><strong>quae</strong></span> <span class='ocrx_word' id='word_1_155' title='bbox 1428 1728 1543 1777; x_wconf 90' lang='lat' dir='ltr'><strong>olim</strong></span> <span class='ocrx_word' id='word_1_156' title='bbox 1569 1744 1596 1779; x_wconf 90' lang='lat' dir='ltr'><strong>a</strong></span> <span class='ocrx_word' id='word_1_157' title='bbox 1619 1728 1931 1793; x_wconf 85' lang='lat' dir='ltr'><strong>praetoribus</strong></span> 
     </span>
     <span class='ocr_line' id='line_1_23' title="bbox 247 1795 1930 1863; baseline 0.001 -17"><span class='ocrx_word' id='word_1_158' title='bbox 247 1796 590 1847; x_wconf 88' lang='lat' dir='ltr'><strong>noscebantur.</strong></span> <span class='ocrx_word' id='word_1_159' title='bbox 660 1795 888 1846; x_wconf 90' lang='lat' dir='ltr'><strong>Claudius</strong></span> <span class='ocrx_word' id='word_1_160' title='bbox 914 1811 1056 1846; x_wconf 90' lang='lat' dir='ltr'><strong>omne</strong></span> <span class='ocrx_word' id='word_1_161' title='bbox 1081 1798 1154 1846; x_wconf 89' lang='lat' dir='ltr'><strong>ius</strong></span> <span class='ocrx_word' id='word_1_162' title='bbox 1179 1797 1398 1860; x_wconf 88' lang='lat' dir='ltr'><strong>tradidit,</strong></span> <span class='ocrx_word' id='word_1_163' title='bbox 1438 1798 1498 1847; x_wconf 89' lang='lat' dir='ltr'><strong>de</strong></span> <span class='ocrx_word' id='word_1_164' title='bbox 1527 1813 1622 1863; x_wconf 91' lang='lat' dir='ltr'><strong>quo</strong></span> <span class='ocrx_word' id='word_1_165' title='bbox 1645 1800 1828 1849; x_wconf 87' lang='lat' dir='ltr'><strong>totiens</strong></span> <span class='ocrx_word' id='word_1_166' title='bbox 1853 1814 1930 1848; x_wconf 87' lang='lat' dir='ltr'><strong>se-</strong></span> 
     </span>
    </p>

    <p class='ocr_par' dir='ltr' id='par_1_7' title="bbox 190 1867 1930 2213">
     <span class='ocr_line' id='line_1_24' title="bbox 190 1867 1929 1933; baseline 0.001 -17"><span class='ocrx_word' id='word_1_167' title='bbox 190 1882 232 1917; x_wconf 89' lang='lat'><strong>10</strong></span> <span class='ocrx_word' id='word_1_168' title='bbox 249 1867 431 1917; x_wconf 91' lang='lat' dir='ltr'><strong>ditione</strong></span> <span class='ocrx_word' id='word_1_169' title='bbox 475 1874 554 1916; x_wconf 93' lang='lat' dir='ltr'><strong>aut</strong></span> <span class='ocrx_word' id='word_1_170' title='bbox 595 1868 738 1916; x_wconf 90' lang='lat' dir='ltr'><strong>armis</strong></span> <span class='ocrx_word' id='word_1_171' title='bbox 783 1873 1042 1931; x_wconf 89' lang='lat' dir='ltr'><strong>certatum,</strong></span> <span class='ocrx_word' id='word_1_172' title='bbox 1093 1882 1199 1916; x_wconf 90' lang='lat' dir='ltr'><strong>cum</strong></span> <span class='ocrx_word' id='word_1_173' title='bbox 1249 1869 1549 1933; x_wconf 90' lang='lat' dir='ltr'><strong>Semproniis</strong></span> <span class='ocrx_word' id='word_1_174' title='bbox 1594 1868 1929 1932; x_wconf 89' lang='lat' dir='ltr'><strong>rogationibus</strong></span> 
     </span>
     <span class='ocr_line' id='line_1_25' title="bbox 249 1936 1928 2003; baseline -0.001 -15"><span class='ocrx_word' id='word_1_175' title='bbox 249 1944 479 2003; x_wconf 88' lang='lat' dir='ltr'><strong>equester</strong></span> <span class='ocrx_word' id='word_1_176' title='bbox 512 1936 632 1986; x_wconf 89' lang='lat' dir='ltr'><strong>ordo</strong></span> <span class='ocrx_word' id='word_1_177' title='bbox 660 1938 707 1985; x_wconf 90' lang='lat' dir='ltr'><strong>in</strong></span> <span class='ocrx_word' id='word_1_178' title='bbox 734 1939 1053 2002; x_wconf 89' lang='lat' dir='ltr'><strong>possessione</strong></span> <span class='ocrx_word' id='word_1_179' title='bbox 1090 1938 1374 1988; x_wconf 91' lang='lat' dir='ltr'><strong>iudiciorum</strong></span> <span class='ocrx_word' id='word_1_180' title='bbox 1399 1938 1672 2002; x_wconf 89' lang='lat' dir='ltr'><strong>locaretur,</strong></span> <span class='ocrx_word' id='word_1_181' title='bbox 1710 1946 1788 1988; x_wconf 89' lang='lat' dir='ltr'><strong>aut</strong></span> <span class='ocrx_word' id='word_1_182' title='bbox 1825 1954 1928 1987; x_wconf 91' lang='lat' dir='ltr'><strong>rur-</strong></span> 
     </span>
     <span class='ocr_line' id='line_1_26' title="bbox 248 2007 1930 2074; baseline 0 -17"><span class='ocrx_word' id='word_1_183' title='bbox 248 2023 350 2058; x_wconf 89' lang='lat' dir='ltr'><strong>sum</strong></span> <span class='ocrx_word' id='word_1_184' title='bbox 376 2007 616 2057; x_wconf 88' lang='lat' dir='ltr'><strong>Serviliae</strong></span> <span class='ocrx_word' id='word_1_185' title='bbox 651 2007 791 2071; x_wconf 89' lang='lat' dir='ltr'><strong>leges</strong></span> <span class='ocrx_word' id='word_1_186' title='bbox 818 2008 1002 2057; x_wconf 89' lang='lat' dir='ltr'><strong>senatui</strong></span> <span class='ocrx_word' id='word_1_187' title='bbox 1035 2007 1208 2058; x_wconf 90' lang='lat' dir='ltr'><strong>iudicia</strong></span> <span class='ocrx_word' id='word_1_188' title='bbox 1247 2008 1535 2071; x_wconf 90' lang='lat' dir='ltr'><strong>redderent,</strong></span> <span class='ocrx_word' id='word_1_189' title='bbox 1574 2008 1850 2074; x_wconf 88' lang='lat' dir='ltr'><strong>Mariusque</strong></span> <span class='ocrx_word' id='word_1_190' title='bbox 1879 2015 1930 2057; x_wconf 90' lang='lat' dir='ltr'><strong>et</strong></span> 
     </span>
     <span class='ocr_line' id='line_1_27' title="bbox 249 2077 1928 2143; baseline -0.001 -15"><span class='ocrx_word' id='word_1_191' title='bbox 249 2077 382 2128; x_wconf 90' lang='lat' dir='ltr'><strong>Sulla</strong></span> <span class='ocrx_word' id='word_1_192' title='bbox 413 2079 525 2127; x_wconf 92' lang='lat' dir='ltr'><strong>olim</strong></span> <span class='ocrx_word' id='word_1_193' title='bbox 559 2077 619 2127; x_wconf 91' lang='lat' dir='ltr'><strong>de</strong></span> <span class='ocrx_word' id='word_1_194' title='bbox 646 2092 714 2127; x_wconf 89' lang='lat' dir='ltr'><strong>eo·</strong></span> <span class='ocrx_word' id='word_1_195' title='bbox 734 2077 812 2126; x_wconf 90' lang='lat' dir='ltr'><strong>vel</strong></span> <span class='ocrx_word' id='word_1_196' title='bbox 844 2078 1108 2143; x_wconf 86' lang='lat' dir='ltr'><strong>praecipue</strong></span> <span class='ocrx_word' id='word_1_197' title='bbox 1141 2077 1396 2128; x_wconf 89' lang='lat' dir='ltr'><strong>bellarent.</strong></span> <span class='ocrx_word' id='word_1_198' title='bbox 1462 2078 1548 2127; x_wconf 88' lang='lat' dir='ltr'><strong>sed</strong></span> <span class='ocrx_word' id='word_1_199' title='bbox 1571 2086 1682 2127; x_wconf 90' lang='lat' dir='ltr'><strong>tunc</strong></span> <span class='ocrx_word' id='word_1_200' title='bbox 1709 2080 1928 2128; x_wconf 91' lang='lat' dir='ltr'><strong>ordinum</strong></span> 
     </span>
     <span class='ocr_line' id='line_1_28' title="bbox 249 2147 1928 2213; baseline -0.001 -16"><span class='ocrx_word' id='word_1_201' title='bbox 249 2148 440 2198; x_wconf 90' lang='lat' dir='ltr'><strong>diversa</strong></span> <span class='ocrx_word' id='word_1_202' title='bbox 468 2148 649 2210; x_wconf 89' lang='lat' dir='ltr'><strong>studia,</strong></span> <span class='ocrx_word' id='word_1_203' title='bbox 677 2155 725 2196; x_wconf 91' lang='lat' dir='ltr'><strong>et</strong></span> <span class='ocrx_word' id='word_1_204' title='bbox 749 2163 872 2212; x_wconf 91' lang='lat' dir='ltr'><strong>quae</strong></span> <span class='ocrx_word' id='word_1_205' title='bbox 899 2149 1119 2197; x_wconf 90' lang='lat' dir='ltr'><strong>vicerant</strong></span> <span class='ocrx_word' id='word_1_206' title='bbox 1146 2148 1342 2213; x_wconf 90' lang='lat' dir='ltr'><strong>publice</strong></span> <span class='ocrx_word' id='word_1_207' title='bbox 1368 2147 1608 2197; x_wconf 88' lang='lat' dir='ltr'><strong>valebant.</strong></span> <span class='ocrx_word' id='word_1_208' title='bbox 1663 2147 1717 2197; x_wconf 88' lang='lat' dir='ltr'><strong>C.</strong></span> <span class='ocrx_word' id='word_1_209' title='bbox 1742 2148 1928 2213; x_wconf 88' lang='lat' dir='ltr'><strong>Oppius</strong></span> 
     </span>
    </p>

    <p class='ocr_par' dir='ltr' id='par_1_8' title="bbox 190 2216 1927 2562">
     <span class='ocr_line' id='line_1_29' title="bbox 190 2216 1927 2283; baseline 0.001 -18"><span class='ocrx_word' id='word_1_210' title='bbox 190 2232 230 2265; x_wconf 81' lang='lat'><strong>15</strong></span> <span class='ocrx_word' id='word_1_211' title='bbox 248 2226 296 2267; x_wconf 88' lang='lat' dir='ltr'><strong>et</strong></span> <span class='ocrx_word' id='word_1_212' title='bbox 324 2217 581 2268; x_wconf 88' lang='lat' dir='ltr'><strong>Cornelius</strong></span> <span class='ocrx_word' id='word_1_213' title='bbox 613 2217 792 2267; x_wconf 89' lang='lat' dir='ltr'><strong>Balbus</strong></span> <span class='ocrx_word' id='word_1_214' title='bbox 822 2219 958 2282; x_wconf 90' lang='lat' dir='ltr'><strong>primi</strong></span> <span class='ocrx_word' id='word_1_215' title='bbox 988 2216 1214 2267; x_wconf 87' lang='lat' dir='ltr'><strong>Caesaris</strong></span> <span class='ocrx_word' id='word_1_216' title='bbox 1243 2218 1417 2283; x_wconf 89' lang='lat' dir='ltr'><strong>opibus</strong></span> <span class='ocrx_word' id='word_1_217' title='bbox 1448 2225 1654 2283; x_wconf 89' lang='lat' dir='ltr'><strong>potuere</strong></span> <span class='ocrx_word' id='word_1_218' title='bbox 1682 2218 1927 2268; x_wconf 87' lang='lat' dir='ltr'><strong>condicio-</strong></span> 
     </span>
     <span class='ocr_line' id='line_1_30' title="bbox 247 2287 1927 2353; baseline 0.001 -17"><span class='ocrx_word' id='word_1_219' title='bbox 247 2303 334 2337; x_wconf 88' lang='lat' dir='ltr'><strong>nes</strong></span> <span class='ocrx_word' id='word_1_220' title='bbox 362 2289 497 2351; x_wconf 89' lang='lat' dir='ltr'><strong>pacis</strong></span> <span class='ocrx_word' id='word_1_221' title='bbox 526 2296 572 2337; x_wconf 89' lang='lat' dir='ltr'><strong>et</strong></span> <span class='ocrx_word' id='word_1_222' title='bbox 597 2287 792 2337; x_wconf 89' lang='lat' dir='ltr'><strong>arbitria</strong></span> <span class='ocrx_word' id='word_1_223' title='bbox 815 2288 933 2337; x_wconf 91' lang='lat' dir='ltr'><strong>helli</strong></span> <span class='ocrx_word' id='word_1_224' title='bbox 958 2295 1184 2337; x_wconf 89' lang='lat' dir='ltr'><strong>tractare.</strong></span> <span class='ocrx_word' id='word_1_225' title='bbox 1234 2289 1408 2338; x_wconf 90' lang='lat' dir='ltr'><strong>Matios</strong></span> <span class='ocrx_word' id='word_1_226' title='bbox 1439 2287 1643 2353; x_wconf 89' lang='lat' dir='ltr'><strong>posthac</strong></span> <span class='ocrx_word' id='word_1_227' title='bbox 1669 2296 1717 2338; x_wconf 91' lang='lat' dir='ltr'><strong>et</strong></span> <span class='ocrx_word' id='word_1_228' title='bbox 1744 2288 1927 2338; x_wconf 88' lang='lat' dir='ltr'><strong>Vedios</strong></span> 
     </span>
     <span class='ocr_line' id='line_1_31' title="bbox 249 2358 1926 2423; baseline 0.001 -17"><span class='ocrx_word' id='word_1_229' title='bbox 249 2364 298 2406; x_wconf 88' lang='lat' dir='ltr'><strong>et</strong></span> <span class='ocrx_word' id='word_1_230' title='bbox 346 2365 510 2407; x_wconf 90' lang='lat' dir='ltr'><strong>cetera</strong></span> <span class='ocrx_word' id='word_1_231' title='bbox 553 2358 762 2421; x_wconf 87' lang='lat' dir='ltr'><strong>equitum</strong></span> <span class='ocrx_word' id='word_1_232' title='bbox 798 2358 1126 2407; x_wconf 90' lang='lat' dir='ltr'><strong>Romanorum</strong></span> <span class='ocrx_word' id='word_1_233' title='bbox 1175 2358 1455 2423; x_wconf 90' lang='lat' dir='ltr'><strong>praevalida</strong></span> <span class='ocrx_word' id='word_1_234' title='bbox 1504 2359 1694 2407; x_wconf 90' lang='lat' dir='ltr'><strong>nomina</strong></span> <span class='ocrx_word' id='word_1_235' title='bbox 1738 2358 1926 2407; x_wconf 89' lang='lat' dir='ltr'><strong>referre</strong></span> 
     </span>
     <span class='ocr_line' id='line_1_32' title="bbox 248 2426 1926 2492; baseline -0.001 -16"><span class='ocrx_word' id='word_1_236' title='bbox 248 2427 364 2476; x_wconf 89' lang='lat' dir='ltr'><strong>nihil</strong></span> <span class='ocrx_word' id='word_1_237' title='bbox 406 2428 674 2489; x_wconf 86' lang='lat' dir='ltr'><strong>attinuerit,</strong></span> <span class='ocrx_word' id='word_1_238' title='bbox 723 2442 828 2476; x_wconf 90' lang='lat' dir='ltr'><strong>cum</strong></span> <span class='ocrx_word' id='word_1_239' title='bbox 865 2426 1094 2476; x_wconf 87' lang='lat' dir='ltr'><strong>Claudius</strong></span> <span class='ocrx_word' id='word_1_240' title='bbox 1128 2427 1358 2490; x_wconf 81' lang='lat' dir='ltr'><strong>lihertOS,</strong></span> <span class='ocrx_word' id='word_1_241' title='bbox 1416 2441 1540 2492; x_wconf 88' lang='lat' dir='ltr'><strong>quos</strong></span> <span class='ocrx_word' id='word_1_242' title='bbox 1589 2429 1659 2476; x_wconf 89' lang='lat' dir='ltr'><strong>rei</strong></span> <span class='ocrx_word' id='word_1_243' title='bbox 1703 2428 1926 2478; x_wconf 84' lang='lat' dir='ltr'><strong>familiari</strong></span> 
     </span>
     <span class='ocr_line' id='line_1_33' title="bbox 250 2496 1480 2562; baseline -0.001 -15"><span class='ocrx_word' id='word_1_244' title='bbox 250 2497 583 2562; x_wconf 85' lang='lat' dir='ltr'><strong>praefecerat,</strong></span> <span class='ocrx_word' id='word_1_245' title='bbox 613 2496 801 2561; x_wconf 90' lang='lat' dir='ltr'><strong>sibique</strong></span> <span class='ocrx_word' id='word_1_246' title='bbox 829 2505 876 2547; x_wconf 89' lang='lat' dir='ltr'><strong>et</strong></span> <span class='ocrx_word' id='word_1_247' title='bbox 904 2496 1094 2560; x_wconf 87' lang='lat' dir='ltr'><strong>legibus</strong></span> <span class='ocrx_word' id='word_1_248' title='bbox 1119 2497 1480 2562; x_wconf 88' lang='lat' dir='ltr'><strong>adaequaverit.</strong></span> 
     </span>
    </p>

    <p class='ocr_par' dir='ltr' id='par_1_9' title="bbox 246 2566 1928 2841">
     <span class='ocr_line' id='line_1_34' title="bbox 354 2566 1923 2627; baseline -0.001 -10"><span class='ocrx_word' id='word_1_249' title='bbox 354 2568 437 2617; x_wconf 89' lang='lat'><strong>61.</strong></span> <span class='ocrx_word' id='word_1_250' title='bbox 477 2567 680 2617; x_wconf 89' lang='lat' dir='ltr'><strong>Rettulit</strong></span> <span class='ocrx_word' id='word_1_251' title='bbox 720 2567 828 2615; x_wconf 91' lang='lat' dir='ltr'><strong>dein</strong></span> <span class='ocrx_word' id='word_1_252' title='bbox 871 2567 932 2616; x_wconf 90' lang='lat' dir='ltr'><strong>de</strong></span> <span class='ocrx_word' id='word_1_253' title='bbox 968 2568 1242 2616; x_wconf 90' lang='lat' dir='ltr'><strong>inmunitate</strong></span> <span class='ocrx_word' id='word_1_254' title='bbox 1281 2566 1398 2617; x_wconf 86' lang='lat' dir='ltr'><strong>Cois</strong></span> <span class='ocrx_word' id='word_1_255' title='bbox 1432 2567 1710 2627; x_wconf 89' lang='lat' dir='ltr'><strong>tribuenda,</strong></span> <span class='ocrx_word' id='word_1_256' title='bbox 1757 2566 1923 2616; x_wconf 90' lang='lat' dir='ltr'><strong>multa·</strong></span> 
     </span>
     <span class='ocr_line' id='line_1_35' title="bbox 249 2634 1926 2702; baseline -0.001 -15"><span class='ocrx_word' id='word_1_257' title='bbox 249 2653 341 2702; x_wconf 87' lang='lat' dir='ltr'><strong>que</strong></span> <span class='ocrx_word' id='word_1_258' title='bbox 369 2654 516 2702; x_wconf 90' lang='lat' dir='ltr'><strong>super</strong></span> <span class='ocrx_word' id='word_1_259' title='bbox 543 2638 823 2701; x_wconf 91' lang='lat' dir='ltr'><strong>antiquitate</strong></span> <span class='ocrx_word' id='word_1_260' title='bbox 849 2652 1014 2686; x_wconf 90' lang='lat' dir='ltr'><strong>eorum</strong></span> <span class='ocrx_word' id='word_1_261' title='bbox 1042 2639 1351 2687; x_wconf 89' lang='lat' dir='ltr'><strong>memoravit:</strong></span> <span class='ocrx_word' id='word_1_262' title='bbox 1390 2637 1606 2700; x_wconf 87' lang='lat' dir='ltr'><strong>Argivos</strong></span> <span class='ocrx_word' id='word_1_263' title='bbox 1633 2635 1712 2684; x_wconf 90' lang='lat' dir='ltr'><strong>vel</strong></span> <span class='ocrx_word' id='word_1_264' title='bbox 1742 2634 1926 2685; x_wconf 90' lang='lat' dir='ltr'><strong>Coeum</strong></span> 
     </span>
     <span class='ocr_line' id='line_1_36' title="bbox 246 2706 1925 2771; baseline 0 -16"><span class='ocrx_word' id='word_1_265' title='bbox 246 2707 458 2757; x_wconf 88' lang='lat' dir='ltr'><strong>Latonae</strong></span> <span class='ocrx_word' id='word_1_266' title='bbox 494 2714 745 2771; x_wconf 89' lang='lat' dir='ltr'><strong>parentem</strong></span> <span class='ocrx_word' id='word_1_267' title='bbox 778 2708 1133 2757; x_wconf 88' lang='lat' dir='ltr'><strong>vetustissimos</strong></span> <span class='ocrx_word' id='word_1_268' title='bbox 1174 2708 1358 2756; x_wconf 89' lang='lat' dir='ltr'><strong>insulae</strong></span> <span class='ocrx_word' id='word_1_269' title='bbox 1407 2707 1644 2762; x_wconf 81' lang='lat' dir='ltr'><strong>cultores3</strong></span> <span class='ocrx_word' id='word_1_270' title='bbox 1692 2720 1806 2754; x_wconf 87' lang='lat' dir='ltr'><strong>mox</strong></span> <span class='ocrx_word' id='word_1_271' title='bbox 1845 2706 1925 2755; x_wconf 89' lang='lat' dir='ltr'><strong>ad-</strong></span> 
     </span>
     <span class='ocr_line' id='line_1_37' title="bbox 248 2775 1928 2841; baseline 0 -17"><span class='ocrx_word' id='word_1_272' title='bbox 248 2785 391 2826; x_wconf 89' lang='lat' dir='ltr'><strong>ventu</strong></span> <span class='ocrx_word' id='word_1_273' title='bbox 435 2777 719 2841; x_wconf 86' lang='lat' dir='ltr'><strong>Aesculapii</strong></span> <span class='ocrx_word' id='word_1_274' title='bbox 763 2785 913 2826; x_wconf 91' lang='lat' dir='ltr'><strong>artem</strong></span> <span class='ocrx_word' id='word_1_275' title='bbox 959 2777 1179 2826; x_wconf 89' lang='lat' dir='ltr'><strong>medendi</strong></span> <span class='ocrx_word' id='word_1_276' title='bbox 1226 2777 1419 2826; x_wconf 91' lang='lat' dir='ltr'><strong>inlatam</strong></span> <span class='ocrx_word' id='word_1_277' title='bbox 1458 2775 1758 2839; x_wconf 87' lang='lat' dir='ltr'><strong>maximeque</strong></span> <span class='ocrx_word' id='word_1_278' title='bbox 1802 2777 1928 2824; x_wconf 90' lang='lat' dir='ltr'><strong>inter</strong></span> 
     </span>
    </p>

    <p class='ocr_par' dir='ltr' id='par_1_10' title="bbox 210 2845 1929 2980">
     <span class='ocr_line' id='line_1_38' title="bbox 210 2845 1929 2910; baseline -0.003 -12"><span class='ocrx_word' id='word_1_279' title='bbox 210 2855 478 2910; x_wconf 71' lang='lat' dir='ltr'><strong>sposteros</strong></span> <span class='ocrx_word' id='word_1_280' title='bbox 514 2848 617 2896; x_wconf 87' lang='lat' dir='ltr'><strong>eius</strong></span> <span class='ocrx_word' id='word_1_281' title='bbox 659 2846 906 2896; x_wconf 89' lang='lat' dir='ltr'><strong>celebrem</strong></span> <span class='ocrx_word' id='word_1_282' title='bbox 942 2847 1117 2910; x_wconf 88' lang='lat' dir='ltr'><strong>fuisse,</strong></span> <span class='ocrx_word' id='word_1_283' title='bbox 1154 2849 1345 2895; x_wconf 88' lang='lat' dir='ltr'><strong>nomina</strong></span> <span class='ocrx_word' id='word_1_284' title='bbox 1381 2845 1678 2909; x_wconf 89' lang='lat' dir='ltr'><strong>singulorum</strong></span> <span class='ocrx_word' id='word_1_285' title='bbox 1704 2845 1929 2894; x_wconf 79' lang='lat' dir='ltr'><strong>referens</strong></span> 
     </span>
     <span class='ocr_line' id='line_1_39' title="bbox 249 2914 1924 2980; baseline 0 -17"><span class='ocrx_word' id='word_1_286' title='bbox 249 2916 497 2979; x_wconf 81' lang='lat' dir='ltr'><strong>et&#39;quibus</strong></span> <span class='ocrx_word' id='word_1_287' title='bbox 526 2919 727 2980; x_wconf 88' lang='lat' dir='ltr'><strong>quisque</strong></span> <span class='ocrx_word' id='word_1_288' title='bbox 761 2915 996 2965; x_wconf 89' lang='lat' dir='ltr'><strong>aetatibus</strong></span> <span class='ocrx_word' id='word_1_289' title='bbox 1021 2917 1305 2979; x_wconf 86' lang='lat' dir='ltr'><strong>viguissent.</strong></span> <span class='ocrx_word' id='word_1_290' title='bbox 1367 2915 1477 2979; x_wconf 82' lang='lat' dir='ltr'><strong>quin</strong></span> <span class='ocrx_word' id='word_1_291' title='bbox 1508 2915 1647 2963; x_wconf 84' lang='lat' dir='ltr'><strong>etiam</strong></span> <span class='ocrx_word' id='word_1_292' title='bbox 1676 2914 1793 2963; x_wconf 86' lang='lat' dir='ltr'><strong>dixit</strong></span> <span class='ocrx_word' id='word_1_293' title='bbox 1827 2914 1924 2963; x_wconf 91' lang='lat' dir='ltr'><strong>Xe·</strong></span> 
     </span>
    </p>
   </div>
  </div>
 </body>
</html>
