1976 3224
229 156 332 208 280
658 169 932 208 CORNELII
959 170 1155 209 TACITI
1173 170 1477 210 ANNALIUM

230 296 353 345 iusta
380 295 579 344 ultione.
632 305 679 345 et
717 297 919 347 modicis
946 299 1171 347 remediis
1199 300 1380 362 primos
1406 306 1563 347 motus
1591 300 1896 350 consedisse:

229 373 278 485 gt
302 366 342 415 si
372 366 635 431 desperent
660 383 862 416 uxorem
889 367 1100 417 Neronis
1134 369 1241 417 fore
1269 367 1538 433 Octaviam,
1576 370 1645 418 illi
1688 373 1900 420 maritum

167 452 212 485 25
263 443 442 485 aturos.

336 529 420 580 62.
465 531 641 580 Varius
679 544 838 582 sermo
877 541 924 581 et
971 533 1029 582 ad
1075 541 1247 582 metum
1283 541 1424 598 atque
1471 535 1587 583 iram
1630 550 1900 585 accommo³

232 602 368 651 datus
403 602 574 650 terruit
614 601 750 650 simul
789 603 1056 652 audientem
1091 611 1139 653 et
1173 604 1407 652 accendit.
1460 603 1545 653 sed
1573 619 1738 668 parum
1769 606 1898 655 vale-

229 671 311 720 bat
339 671 542 735 suspitio
581 673 629 719 in
661 687 808 721 servo
849 680 896 722 et
933 673 1294 737 quaestionibus
1320 674 1598 723 ancillarum
1623 674 1755 723 elusa
1782 684 1901 725 erat.

232 756 353 805 ergo
383 741 743 790 confessionem
770 742 968 792 alicuius
1000 744 1166 808 quaeri
1192 744 1380 808 placet,
1420 745 1493 792 cui
1519 760 1678 793 rerum
1707 761 1902 811 quoque

186 826 461 862 snovarum
506 813 685 860 crimen
730 812 1073 877 adfingeretur.
1134 821 1182 862 et
1229 815 1360 862 visus
1410 814 1610 863 idoneus
1657 823 1901 865 maternae

227 883 364 932 necis
389 888 606 946 patrator
631 882 889 946 Anicetus,
921 883 1064 933 classi
1092 883 1216 948 apud
1242 884 1501 948 Misenum,
1546 892 1596 933 ut
1620 887 1900 948 memoravi,

229 951 532 1018 praefectust,
571 952 668 1000 levi
701 960 813 1016 post
839 953 1094 1003 admissum
1121 954 1282 1002 scelus
1308 956 1488 1018 gratia,
1524 953 1634 1003 dein
1670 956 1898 1018 graviore

229 1021 371 1084 odio,
420 1023 528 1086 quia
567 1022 799 1070 malorum
833 1023 1097 1072 facinorum
1135 1025 1336 1081 ministri
1374 1026 1509 1089 quasi
1546 1025 1899 1089 exprobrantes

229 1092 536 1158 aspiciuntur.
588 1092 735 1155 igitur
770 1094 973 1143 accitum
1021 1109 1125 1143 eum
1163 1093 1345 1143 Caesar
1391 1108 1575 1159 operae
1610 1096 1785 1158 prioris
1820 1095 1898 1144 ad*-

170 1174 212 1208 10
229 1168 415 1215 monet‚·
470 1162 623 1210 solum
677 1162 989 1213 incolumitati
1028 1165 1262 1228 principis
1314 1164 1545 1213 adversus
1599 1165 1902 1214 insidiantem

229 1240 426 1281 matrem
463 1232 774 1291 subvenisse;
815 1233 974 1283 locum
1011 1233 1135 1283 haud
1170 1235 1366 1283 minoris
1402 1235 1588 1298 gratiae
1614 1236 1822 1298 instare,
1860 1235 1901 1284 si

230 1303 485 1364 coniugem
523 1302 758 1350 infensam
797 1303 1084 1368 depelleret.
1140 1319 1231 1363 nec
1255 1319 1394 1353 manu
1419 1312 1497 1353 aut
1522 1304 1622 1353 telo
1651 1319 1799 1370 opus:
1831 1304 1896 1354 fa-

227 1379 408 1421 teretur
454 1371 685 1422 Octaviae
731 1372 1030 1423 adulterium.
1090 1374 1279 1423 occulta
1323 1374 1514 1439 quidem
1560 1374 1618 1423 ad
1665 1389 1902 1440 praesens

228 1442 315 1491 sed
343 1457 512 1505 magna
542 1443 585 1491 ei
615 1444 827 1506 praemia
853 1452 900 1492 et
926 1459 1155 1493 secessus
1181 1459 1410 1493 amoenos
1437 1446 1695 1509 promittit,
1723 1445 1831 1506 vel,
1860 1446 1900 1492 si

170 1527 210 1560 15
229 1513 527 1575 negavisset,
556 1528 727 1561 necem
753 1515 965 1563 intentat.
1011 1514 1094 1562 ille
1131 1515 1270 1563 insita
1298 1514 1556 1563 vaecordia
1597 1522 1643 1563 et
1669 1515 1900 1563 facilitate

227 1583 439 1647 priorum
464 1582 780 1646 flagitiorum,
822 1583 958 1648 plura
996 1585 1136 1633 etiam
1163 1599 1299 1648 quam
1333 1586 1512 1633 iussum
1540 1592 1644 1633 erat
1669 1585 1804 1647 fingit
1831 1584 1898 1632 fa-

225 1659 445 1717 teturque
483 1652 610 1716 apud
647 1654 855 1716 amicos,
898 1669 1018 1718 quos
1055 1654 1187 1703 velut
1223 1654 1425 1703 consilio
1464 1653 1745 1703 adhibuerat
1772 1654 1898 1719 prin·

228 1737 364 1786 ceps.
413 1729 507 1770 tum
532 1724 577 1770 in
603 1723 868 1772 Sardiniam
895 1723 1107 1788 pellitur,
1143 1723 1222 1771 ubi
1251 1738 1346 1772 non
1381 1725 1524 1788 inops
1553 1723 1747 1772 exilium
1775 1722 1898 1771 tole-

225 1793 349 1841 ravit
374 1799 422 1840 et
450 1791 550 1840 fato
581 1792 713 1841 obiit.

335 1896 418 1948 63.
455 1897 521 1947 At
549 1897 683 1947 Nero
711 1900 1011 1964 praefectum
1048 1901 1092 1947 in
1133 1915 1268 1964 spem
1296 1897 1557 1948 sociandae
1586 1898 1757 1946 classis
1787 1912 1895 1946 cor-

225 1975 439 2032 ruptum,
481 1975 529 2016 et
555 1969 803 2018 incusatae
830 1970 972 2035 paulo
1009 1977 1118 2018 ante
1153 1969 1417 2018 sterilitatis
1452 1968 1657 2028 oblituS,
1697 1967 1901 2016 abactos

226 2045 392 2102 partus
419 2040 715 2087 conscientia
741 2039 1012 2102 libidinum,
1042 2055 1196 2103 eaque
1225 2038 1315 2088 sibi
1344 2046 1590 2102 comperta
1616 2037 1775 2087 edicto
1801 2052 1897 2086 me-

225 2115 381 2156 morat
419 2109 669 2172 insulaque
694 2110 976 2159 Pandataria
1007 2109 1252 2158 Octaviam
1289 2108 1481 2157 claudit.
1540 2121 1636 2155 non
1665 2107 1757 2156 alia
1786 2106 1897 2155 exul

182 2179 478 2227 svisentium
528 2179 699 2227 oculos
743 2181 924 2229 maiore
966 2179 1300 2228 misericordia
1348 2177 1541 2227 adfecit.
1588 2178 1899 2225 meminerant

225 2247 381 2296 adhuc
428 2247 617 2312 quidam
653 2249 957 2315 Agrippinae
1001 2264 1026 2298 a
1063 2248 1280 2312 Tiberin,
1325 2249 1571 2296 recentior
1605 2246 1755 2296 Iuliae
1801 2261 1897 2293 me-

223 2319 377 2366 moria
406 2318 755 2368 obversabatur
787 2334 812 2368 a
843 2318 1041 2368 Claudio
1071 2319 1266 2382 pulsae:
1316 2317 1401 2366 sed
1435 2317 1531 2365 illis
1555 2316 1704 2365 robur
1729 2315 1898 2365 aetatis

225 2387 468 2442 adfuerat;
505 2387 633 2436 laeta
671 2389 828 2452 aliqua
855 2389 1073 2437 viderant
1111 2396 1157 2438 et
1187 2394 1492 2454 praesentem
1523 2387 1770 2435 saevitiam
1800 2400 1896 2434 me-

224 2457 364 2507 lioris
406 2457 518 2506 olim
554 2458 775 2506 fortunae
818 2457 1159 2506 recordatione
1198 2457 1500 2506 adlevabant.
1550 2456 1661 2505 huic
1697 2457 1894 2520 primum

167 2538 207 2572 10
223 2529 490 2591 nuptiarum
524 2527 629 2576 dies
666 2528 776 2576 loco
814 2528 996 2576 funeris
1031 2527 1142 2589 fuit,
1186 2527 1418 2576 deductae
1443 2528 1490 2574 in
1521 2526 1708 2575 domum
1734 2526 1780 2572 in
1806 2538 1895 2588 qua

223 2597 340 2646 nihil
375 2598 464 2646 nisi
499 2594 766 2646 luctuosum
801 2596 1028 2658 haberet,
1072 2604 1244 2662 erepto
1285 2612 1372 2660 per
1413 2610 1646 2645 venenum
1681 2601 1815 2658 patre
1851 2600 1897 2641 et

225 2667 381 2715 statim
408 2667 580 2724 fratre;
630 2675 723 2716 tum
761 2668 932 2716 ancilla
970 2666 1157 2716 domina
1197 2666 1399 2715 validior
1438 2673 1485 2714 et
1527 2665 1753 2728 Poppaea
1802 2678 1894 2710 non

223 2737 314 2783 nisi
342 2737 388 2784 in
417 2739 680 2799 perniciem
708 2738 873 2786 uxoris
903 2743 1074 2801 nupta,
1114 2745 1360 2802 postremo
1389 2738 1567 2785 crimen
1595 2734 1719 2783 omni
1747 2734 1893 2780 exitio

225 2821 437 2868 gravius

331 2888 413 2937 64.
453 2888 527 2937 Ac
565 2889 725 2954 puella
761 2889 1025 2939 vicensimo
1063 2890 1231 2939 aetatis
1270 2903 1393 2937 anno
1426 2880 1550 2936 inter
1586 2887 1892 2935 centuriones
