1976 3224
176 189 275 240 118
595 201 869 240 CORNELII
900 204 1095 243 TAcrm
1122 207 1428 246 ANNALmM

174 330 358 379 animos
397 330 684 380 audientium
721 332 1032 396 impleverat:
1074 333 1132 383 ad
1162 350 1283 384 vana
1319 334 1571 386 et‘totiens
1596 338 1743 389 inrisa
1773 356 1848 389 re-

170 400 380 463 volutuS‚
412 400 471 449 de
497 401 741 450 reddenda
763 418 816 450 re
837 402 1031 467 publica
1053 412 1198 468 utque
1227 406 1456 459 consules
1483 423 1569 456 seu
1596 410 1702 472 quis
1728 409 1850 458 alius

128 488 149 521 ε
169 471 388 534 regimen
414 474 749 537 susciperent,
779 488 897 522 vero
925 488 1119 538 quoque
1149 482 1195 523 et
1220 474 1426 525 honesto
1455 477 1596 526 iidem
1626 477 1848 543 dempsit.

168 543 428 590 memoriae
467 542 612 591 Drusi
660 542 829 591 eadem
877 558 1000 608 quae
1048 545 1093 592 in
1132 545 1464 596 Germanicum
1513 547 1849 611 decernuntur,

169 610 419 676 plerisque
461 612 658 677 additis,
701 621 748 661 ut
782 613 934 662 ferme
976 622 1100 662 amat
1142 617 1386 679 posterior
1428 617 1658 666 adulatio.
1711 618 1850 667 funus

167 682 425 745 imaginum
455 698 633 747 pompa
659 684 865 732 maxime
891 684 1093 733 inlustre
1119 685 1220 749 fuit,
1250 700 1356 734 cum
1383 689 1523 750 origo
1551 686 1702 736 Iuliae
1730 703 1849 751 gen·

167 753 227 800 tis
259 752 454 801 Aeneas
481 768 746 817 omnesque
774 752 1072 803 Albanorum
1100 770 1246 818 reges
1275 763 1323 804 et
1350 757 1572 806 conditor
1593 757 1726 806 urbis
1752 758 1846 807 Ro-

109 842 151 875 10
167 823 337 886 mulus,
370 831 479 887 post
506 823 681 872 Sabina
708 823 955 887 nobilitaS,
981 825 1127 885 ‚Attus
1162 824 1365 875 Clausus
1393 834 1687 891 ceteraeque
1708 826 1847 875 Clau-

169 892 354 942 diorum
382 893 574 957 efiigie's
601 893 751 957 longo
782 893 949 942 ordine
982 902 1333 958 spectarentur.

269 965 348 1014 10.
396 963 449 1011 In
487 964 719 1013 tradenda
761 972 916 1013 morte
942 964 1084 1012 Drusi
1127 979 1248 1029 quae
1287 965 1503 1030 plurimis
1546 968 1847 1030 maximeque

165 1033 270 1082 fidis
320 1035 598 1083 auctoribus
647 1041 909 1084 memorata
955 1041 1064 1083 sunt
1100 1035 1298 1084 rettuli:
1348 1042 1423 1083 set
1467 1050 1562 1083 non
1607 1037 1849 1084 omiserim

163 1103 427 1153 eorundem
457 1112 725 1169 temporum
751 1119 1011 1168 rumorem,
1040 1104 1247 1153 validum
1274 1104 1395 1154 adeo
1423 1112 1473 1153 ut
1498 1105 1704 1154 nondum
1731 1121 1847 1155 exo·

161 1175 333 1223 lescat.
381 1182 607 1239 corrupta
646 1174 705 1224 ad
733 1175 897 1223 scelus
923 1175 1055 1224 Livia
1083 1175 1309 1224 Seianum
1332 1174 1486 1238 Lygdi
1516 1189 1708 1240 quoque
1739 1191 1846 1240 spa-

124 1245 300 1294 5donis
341 1247 545 1293 animum
586 1253 754 1310 stupro
793 1246 1037 1308 vinxisse,
1073 1244 1201 1309 quod
1238 1246 1279 1293 is
1318 1252 1475 1294 aetate
1513 1252 1659 1310 atque
1695 1245 1850 1295 forma

164 1330 305 1364 carus
332 1313 525 1364 domino
556 1315 778 1380 interque
806 1317 1045 1379 primores
1074 1317 1316 1364 ministros
1344 1322 1471 1371 erat;
1511 1315 1686 1365 deinde
1723 1318 1847 1365 inter

164 1385 394 1434 conscios
431 1385 510 1434 uhi
547 1385 686 1434 locus
723 1387 944 1434 veneficii
988 1394 1270 1450 tempusque
1318 1387 1574 1451 conposita
1617 1387 1738 1449 sint,
1787 1401 1846 1434 eo

160 1455 391 1505 audaciae
428 1463 739 1520 provectum,
777 1464 828 1506 ut
864 1463 1079 1504 verteret
1121 1464 1168 1504 et
1203 1456 1396 1504 occulto
1436 1455 1612 1504 indicio
1640 1454 1845 1513 Drusum

160 1527 336 1574 veneni
364 1527 409 1574 in
442 1535 627 1591 patrem
654 1541 864 1590 arguens
891 1534 1112 1575 moneret
1131 1525 1392 1588 Tiberium,
1423 1525 1662 1575 vitandam
1685 1527 1844 1590 potio-

104 1611 270 1647 ‘sonem
296 1611 418 1660 quae
447 1598 597 1660 prima
624 1597 668 1645 ei
701 1596 826 1661 apud
858 1596 1004 1645 filium
1033 1596 1243 1661 epulanti
1271 1596 1543 1644 offerretur.
1592 1610 1650 1644 ea
1676 1595 1846 1644 fraude

163 1674 352 1730 captum
382 1682 565 1729 senem,
594 1675 852 1732 postquam
879 1666 1152 1715 convivium
1181 1667 1379 1727 inierat,
1410 1671 1669 1728 exceptum
1697 1679 1844 1729 pocu-

159 1737 255 1785 lum
274 1736 433 1785 Druso
455 1737 735 1792 tradidisse;
765 1745 911 1800 atque
937 1736 1021 1785 illo
1043 1738 1213 1799 ignaro
1233 1742 1280 1783 et
1302 1735 1575 1783 iuveniliter
1595 1733 1844 1783 hauriente

160 1814 348 1855 auctam
390 1807 734 1871 suspitionem,
772 1814 1009 1870 tamquam
1045 1813 1172 1854 metu
1201 1812 1248 1854 et
1286 1804 1473 1870 pudore
1502 1803 1692 1853 sibimet
1717 1807 1842 1854 inro-

160 1884 301 1940 garet
325 1885 526 1926 mortem
558 1892 696 1941 quam
729 1877 850 1941 patri
882 1884 1138 1925 struxerat.

270 1948 352 1996 11.
394 1947 526 1996 Haec
564 1947 714 2011 vulgo
758 1948 955 2010 iactata,
1009 1961 1157 2010 super
1201 1945 1248 1994 id
1299 1945 1428 2010 quod
1475 1945 1608 1994 nullo
1649 1953 1843 1994 auctore

161 2025 297 2066 certo
346 2018 613 2081 firmantur,
662 2025 887 2082 prompte
928 2018 1233 2066 refutaveris.
1305 2017 1410 2080 quis
1447 2016 1572 2064 enim
1613 2015 1844 2063 mediocri

159 2086 432 2152 prudentia,
451 2087 868 2137 nedum‘Tiberius
890 2090 1031 2137 tantis
1053 2087 1200 2135 rebus
1222 2087 1481 2149 exercitus,
1512 2085 1720 2133 inaudito
1741 2084 1840 2133 filio

160 2159 356 2206 exitium
383 2159 600 2221 offerret,
629 2157 773 2223 idque
803 2173 887 2207 sua
915 2173 1053 2207 manu
1080 2165 1128 2206 et
1155 2155 1285 2206 nullo
1313 2156 1371 2205 ad
1400 2154 1739 2221 paenitendum
1766 2169 1841 2203 re-

122 2246 143 2277 5
162 2227 373 2290 gressu?
403 2231 513 2292 quin
544 2230 703 2293 potius
729 2229 991 2277 ministrum
1017 2228 1192 2276 veneni
1224 2229 1559 2288 excruciaret,
1594 2232 1842 2274 auctorem

161 2298 468 2359 exquireret,
507 2300 646 2347 insita
674 2299 884 2362 denique
916 2300 1057 2347 etiam
1087 2299 1133 2345 in
1161 2303 1420 2354 extraneos
1459 2296 1766 2344 cunctatione
1795 2301 1843 2341 et

157 2380 290 2415 mora
321 2366 574 2416 adversum
601 2370 788 2417 unicum
818 2375 864 2416 et
894 2368 1069 2416 nullius
1099 2374 1208 2415 ante
1239 2366 1405 2428 flagitii
1428 2372 1711 2428 conpertum
1740 2371 1839 2411 ute-

157 2435 325 2486 retur?
371 2436 458 2485 sed
495 2440 605 2502 quia
641 2439 844 2486 Seianus
880 2438 1146 2486 facinorum
1184 2437 1389 2484 omnium
1425 2442 1653 2499 repertor
1695 2433 1838 2482 habe-

158 2507 323 2569 batur,
374 2523 435 2556 ex
472 2509 611 2556 nimia
652 2510 851 2556 caritate
901 2509 948 2554 in
988 2523 1094 2555 eum
1134 2505 1360 2555 Caesaris
1398 2512 1446 2554 et
1484 2511 1755 2554 ceterorum
1795 2503 1839 2548 in

99 2587 141 2621 1⁰
158 2584 407 2642 utrumque
456 2578 566 2627 odio
613 2578 830 2642 quamvis
870 2577 1091 2626 sabulosa
1144 2583 1192 2624 et
1238 2577 1453 2623 immania
1500 2573 1835 2632 credebantur,

157 2649 402 2696 atrociore
439 2663 633 2712 semper
669 2648 791 2697 fama
830 2662 946 2710 erga
977 2647 1312 2696 dominantium
1347 2646 1518 2693 exitus.
1574 2642 1693 2691 ordo
1721 2642 1838 2689 alio-

157 2718 236 2781 qui
266 2718 468 2767 sceleris
496 2734 585 2783 per
612 2718 866 2782 Apicatam
895 2718 1054 2767 Seiani
1088 2715 1332 2781 proditus,
1363 2714 1611 2763 tormentis
1638 2710 1838 2760 Eudemi

157 2801 215 2834 ac
254 2786 408 2849 Lygdi
448 2790 718 2852 patefactus
761 2796 849 2837 est.
907 2803 1065 2850 neque
1104 2788 1351 2850 quisquam
1392 2785 1600 2847 scriptor
1642 2789 1732 2829 tam
1773 2781 1837 2826 in-

155 2855 324 2903 fensus
351 2860 530 2919 extitit,
558 2867 607 2906 ut
637 2858 833 2906 Tiberio
866 2857 1162 2916 obiectaret,
1197 2869 1301 2903 cum
1334 2853 1489 2901 omnia
1515 2852 1606 2900 alia
1640 2851 1837 2913 conqui-

100 2943 140 2975 15
159 2933 322 2973 rerent
364 2928 783 2992 intenderentque.
844 2926 957 2974 mihi
998 2923 1214 2974 tradendi
1263 2922 1593 2985 arguendique
1631 2919 1838 2968 rumoris
