1950 3210
583 218 1044 268 'COMMENTARIUS
1075 229 1169 267 cm
1172 230 1349 269 rmus
1674 235 1816 275 xmx

252 355 350 418 33,
386 326 414 410 3
442 362 678 406 cecinerat
710 365 786 406 aut
820 360 1110 406 iuvenalibus
1136 361 1210 406 He
1250 356 1257 423 Ι
1301 368 1328 411 6
1353 366 1666 421 transgressis
1709 365 1716 428 Ι
1760 372 1816 415 10

110 430 229 477 fama
256 428 436 476 ciuerat
468 428 475 495 Ι
510 429 657 487 34,1
681 430 993 487 arbitrantur,
1019 443 1102 475 em.
1121 430 1165 475 R
1198 426 1206 494 Ι
1240 438 1292 480 11
1321 446 1378 478 eo
1407 446 1553 491 usque
1583 436 1814 481 evaluitA

250 495 346 557 35,
379 504 410 547 4
444 501 639 547 abavum
678 499 880 557 Ruperti
914 496 986 561 (in
1024 513 1094 558 ep.
1127 503 1191 545 60
1225 501 1289 545 ad
1317 500 1558 562 Reinesff)
1595 497 1809 565 atauuml

111 568 280 614 iussis:
312 568 495 615 inmissi
530 570 604 613 Bz
628 569 868 613 admodum
892 569 1192 627 probabiliter
1235 564 1242 633 Ι
1284 576 1311 619 6
1349 571 1455 628 quin
1485 584 1587 616 eum
1613 572 1658 616 in
1685 573 1811 618 villis

108 637 171 682 R.
203 636 406 696 Seyffert
432 635 542 699 (sed
561 639 660 683 sine
693 634 843 698 eum):
883 638 959 697 qui
989 652 1047 684 ne
1071 639 1304 685 innobiles
1330 637 1467 701 (quin
1500 654 1601 685 eum
1626 642 1808 687 nobiles

107 706 182 763 R,
209 706 316 765 quin
348 721 450 752 eum
479 708 675 754 libertos
700 704 963 767 Bipontini)
1008 702 1016 771 Ι
1059 714 1086 757 9
1113 708 1384 767 abrectique
1428 704 1434 770 Ι
1479 716 1535 758 10
1572 710 1811 756 intercidit

106 775 272 833 Zumpt
294 776 358 820 ad
390 777 512 823 Curl.
537 791 591 834 p.
625 781 735 834 138,
770 781 821 821 ut
857 781 924 820 est
959 782 1125 835 16,14
1154 782 1196 821 et
1220 780 1267 821 in
1292 777 1414 822 Ptin.
1442 777 1501 822 Ν.
1527 778 1590 823 H.
1616 779 1706 837 XI,
1736 784 1810 838 37,

106 843 157 904 §.
190 849 288 894 174.
340 845 403 890 At
424 847 541 891 dixit
567 846 751 890 Tacitus
777 859 920 891 venas
950 847 1228 891 abscindere
1255 853 1340 904 15,
1367 852 1423 896 69
1448 851 1491 890 et
1515 853 1693 906 16,11.

162 952 168 956 .
247 910 342 972 36,
373 920 402 964 3
425 915 550 961 dicto
583 908 591 979 Ι
621 920 651 962 4
676 915 723 960 in
749 915 1062 973 repperiende
1090 915 1303 973 immota,
1320 928 1404 960 em.
1417 915 1462 961 P
1490 909 1500 980 Ι
1531 923 1556 964 5
1578 930 1807 977 prospere

110 980 117 1046 Ι
151 989 204 1031 11
238 983 423 1030 itineris
447 985 556 1030 add.
581 985 636 1030 H
665 981 773 1044 (sed
789 989 899 1042 post
927 981 1109 1044 esset),
1146 986 1237 1030 iter
1271 986 1379 1030 add.
1406 986 1469 1030 al.
1504 986 1569 1044 ef.
1602 993 1679 1044 15,
1712 993 1770 1036 30
1798 983 1804 1052 Ι

105 1053 342 1099 auditurus
374 1047 382 1118 Ι
416 1059 471 1101 14
494 1054 557 1100 ita
583 1054 631 1098 in
655 1067 707 1098 re
731 1053 919 1112 publica
944 1055 1163 1113 populum
1192 1054 1242 1099 R.
1287 1055 1448 1100 Wurm
1474 1057 1521 1121 in
1544 1055 1709 1101 Philol.
1729 1057 1807 1114 IX,

107 1128 189 1170 100
219 1116 228 1186 Ι
259 1127 315 1172 16
338 1123 515 1170 volenti
542 1124 588 1167 R

245 1189 342 1249 37,
371 1197 400 1239 4
427 1197 477 1237 ut
503 1189 714 1251 exempla
745 1189 818 1252 (in
845 1193 1104 1251 exemplum
1142 1190 1328 1253 Wurm)
1375 1188 1381 1256 Ι
1424 1198 1452 1242 8
1485 1208 1626 1253 pares
1654 1199 1807 1241 aetate

106 1266 153 1305 et
171 1261 368 1306 scientia
392 1261 444 1306 H
470 1254 479 1326 Ι
512 1267 567 1310 12
594 1262 743 1307 lestus
776 1254 786 1326 Ι
818 1267 873 1310 19
897 1261 987 1308 visi
1011 1261 1080 1307 R.-
1112 1262 1262 1319 misit,
1287 1262 1401 1321 fort.
1422 1276 1484 1309 ex
1511 1263 1603 1308 visi
1633 1269 1680 1309 et

245 1326 339 1387 38,
373 1336 401 1379 3
425 1330 697 1376 occiderunt
726 1324 736 1394 Ι
779 1337 834 1380 13
859 1331 1126 1376 feminarum
1145 1331 1220 1376 He
1237 1333 1341 1376 mel
1388 1328 1395 1395 Ι
1439 1337 1495 1380 14
1519 1337 1671 1378 aetate
1701 1335 1805 1378 incl.

104 1399 167 1456 L,
210 1399 297 1444 hoc
330 1406 375 1444 et
398 1399 640 1458 pueritiae
657 1401 760 1450 He;
795 1401 919 1445 fessa
943 1405 1183 1445 senectute
1214 1406 1291 1446 aut
1315 1407 1398 1446 ete.
1438 1402 1648 1459 Wolffel,
1679 1404 1805 1448 fessa

106 1473 255 1516 aetate
281 1473 358 1514 aut
381 1469 509 1514 rudis
535 1470 767 1528 pueritiae
794 1466 918 1528 (sine
944 1466 1101 1528 aetas)
1128 1470 1224 1524 JG,
1264 1471 1390 1516 fessa
1418 1475 1546 1515 aetas
1575 1475 1652 1516 aut
1677 1472 1805 1516 rudis

20 1581 22 1591 ;
103 1538 305 1598 pueritia
330 1538 379 1583 F
402 1531 410 1603 Ι
453 1543 508 1587 16
534 1552 718 1584 morans
744 1541 805 1586 al.
840 1531 847 1603 Ι
881 1544 936 1586 19
958 1539 1372 1597 repperiebantur,
1400 1552 1483 1584 em.
1503 1540 1541 1584 G
1574 1533 1581 1602 Ι
1613 1544 1669 1586 22
1691 1553 1806 1598 quo-

21 1610 33 1625 ⁴
105 1621 191 1666 que
217 1607 374 1666 inopia
397 1607 548 1654 victus
579 1608 646 1663 E,
686 1622 728 1667 q.
757 1609 906 1655 victus
935 1607 1072 1664 egeni
1097 1608 1184 1658 Ri;
1220 1613 1270 1652 at
1294 1624 1334 1655 v.
1373 1609 1458 1654 Wr
1488 1602 1497 1671 Ι
1528 1613 1586 1657 26
1615 1614 1805 1654 auctore

243 1673 430 1734 39,11
455 1677 631 1722 rumori
672 1671 682 1741 Ι
725 1675 822 1735 40,
855 1682 883 1724 2
907 1677 1114 1735 prorutis
1148 1677 1212 1722 G.-
1238 1678 1478 1736 proruptis
1519 1673 1528 1740 Ι
1570 1682 1600 1724 4
1624 1678 1804 1737 positus

102 1750 249 1791 metus
287 1749 334 1790 et
369 1747 538 1792 Jacob.-
575 1751 682 1805 post
710 1751 856 1792 metus
893 1751 970 1791 aut
1010 1739 1017 1808 Ι
1062 1746 1204 1791 rediit
1237 1747 1359 1792 haud
1385 1746 1503 1792 Hm.
1542 1747 1756 1792 rediebat
1795 1742 1800 1808 Ι

103 1815 248 1872 lehis,
289 1826 373 1858 em.
412 1815 452 1860 L
494 1812 712 1875 (necdum
755 1815 936 1874 positus
982 1819 1127 1860 metus
1172 1820 1332 1860 auctus
1377 1816 1586 1861 redibat.
1635 1830 1804 1862 saevus

104 1895 283 1928 rursum
305 1882 403 1939 He,
435 1885 626 1929 necdum
654 1885 835 1942 positus
862 1889 1008 1928 metus
1034 1885 1152 1929 haud
1187 1885 1336 1930 levius
1371 1885 1582 1930 redibat:
1624 1899 1804 1930 rursum

105 1952 176 1996 ΒΖ
204 1945 217 2015 Ι
250 1958 301 2000 11
333 1952 547 1998 detectae
582 1954 620 1996 A

240 2018 336 2078 41,
372 2025 399 2069 9
434 2021 734 2067 meminerant
765 2020 836 2075 R,
870 2021 1172 2067 meminerunt
1200 2021 1267 2066 Ri
1305 2017 1312 2083 Ι
1354 2029 1405 2072 11
1441 2036 1531 2080 quo
1570 2027 1616 2067 et
1650 2021 1719 2066 R:
1759 2028 1807 2067 et

104 2102 222 2147 quo,
262 2103 399 2149 quam
431 2092 660 2135 lectionem
697 2094 847 2135 tuetur
883 2089 1102 2135 Heraeus
1135 2092 1181 2133 in
1219 2090 1556 2148 Stud.crz·t.1,
1594 2095 1650 2139 56
1692 2085 1702 2155 Ι
1748 2097 1804 2140 12

103 2172 242 2205 curae
266 2160 373 2203 mal.
407 2160 517 2217 Wr,
543 2165 593 2204 at
616 2173 659 2204 v.
685 2158 906 2204 Peter-sen
931 2162 978 2203 in
1004 2159 1075 2203 ed.
1105 2159 1304 2217 Ruperti
1325 2160 1416 2217 111,
1442 2164 1527 2208 672

245 2225 341 2286 42,
377 2233 404 2274 2
428 2229 624 2288 proinde
657 2222 665 2292 Ι
695 2232 722 2277 7
750 2233 1011 2287 temperare
1043 2221 1052 2291 Ι
1084 2232 1140 2275 14
1165 2228 1294 2273 irrita

242 2294 340 2356 43,
377 2304 430 2346 11
463 2298 868 2344 subuectauissent
891 2297 1008 2342 Hm.-
1048 2297 1269 2343 subuecta
1310 2303 1467 2343 essent
1501 2294 1801 2358 (subvectas-

103 2371 205 2412 sent
230 2363 300 2427 v.)
332 2362 339 2430 Ι
374 2372 430 2415 14
454 2367 670 2425 largitior
703 2364 710 2431 Ι
746 2374 797 2415 15
824 2368 1073 2420 custodes,
1062 2381 1072 2392 ·
1113 2372 1159 2412 et
1188 2367 1467 2425 distinquunt
1489 2366 1539 2411 N
1561 2373 1603 2411 et
1623 2367 1723 2425 He,
1756 2373 1804 2412 ut

104 2436 321 2482 custodes
355 2437 569 2482 obiectum
603 2438 660 2480 sit
694 2451 736 2482 v.
776 2437 1038 2483 destinabat
1081 2433 1147 2496 (v.
1185 2434 1289 2497 10);
1344 2441 1393 2480 at
1434 2436 1609 2481 videtur
1650 2439 1802 2494 potius

105 2506 323 2550 custodes
349 2506 406 2550 ab
429 2506 626 2551 haberet
643 2518 912 2564 suspensum
944 2518 1068 2556 esse;
1105 2511 1153 2550 ut
1179 2506 1397 2551 custodes
1426 2511 1472 2550 et
1501 2506 1574 2550 Fa

241 2572 336 2632 44,
375 2580 402 2621 2
436 2574 579 2633 petita
614 2574 685 2620 dis
717 2575 777 2631 G,
802 2580 851 2620 at
873 2590 913 2621 v.
950 2575 1035 2621 Wr
1067 2572 1074 2634 Ι
1107 2579 1134 2623 6
1162 2589 1427 2634 respersum
1457 2577 1563 2619 mal.
1594 2575 1667 2619 Bz
1700 2539 1796 2619 coil.

106 2647 185 2700 16,
213 2650 266 2691 10
305 2637 316 2707 Ι
363 2648 416 2692 18
438 2643 634 2702 proinde
674 2636 686 2707 Ι
726 2643 772 2688 in
798 2644 883 2688 del.
910 2644 981 2688 Fa
1012 2638 1022 2708 Ι
1053 2649 1108 2692 19
1133 2644 1364 2689 coniuncti
1398 2637 1404 2705 Ι
1438 2649 1491 2691 21
1519 2642 1798 2689 flammandi:

105 2711 317 2758 flammati
344 2713 444 2758 eod.
465 2713 599 2771 Aqr„
629 2712 802 2758 flamma
827 2713 918 2758 usti
937 2712 1170 2758 Meursius
1196 2724 1257 2757 ex
1278 2711 1477 2769 Sulpicio
1501 2711 1668 2758 Severo
1699 2709 1804 2772 (qui

7 2825 29 2840 ‚¹
104 2779 235 2826 habet
259 2782 328 2840 11,
354 2787 435 2831 29:
476 2782 583 2840 quin
610 2786 656 2826 et
681 2795 830 2826 novae
855 2786 1027 2827 mortes
1056 2781 1379 2838 excogitatae,
1407 2786 1455 2826 ut
1479 2781 1681 2827 ferarum
1702 2787 1798 2826 ter-

64 2849 181 2907 “gis
211 2851 414 2915 contecti
449 2851 621 2897 laniatu
650 2864 810 2896 canum
849 2850 1117 2895 interirent:
1148 2850 1275 2894 multi
1313 2850 1528 2896 crucibus
1557 2851 1695 2896 adfixi
1724 2855 1799 2895 aut

106 2916 277 2964 flamma
308 2917 425 2971 usti}
460 2920 675 2978 plerique
710 2919 756 2964 in
785 2919 830 2964 id
863 2918 1118 2975 reservati,
1156 2923 1230 2976 ut,
1269 2931 1368 2963 cum
1398 2919 1496 2964 dies
1525 2919 1795 2975 defecisset,

174 3000 318 3031 τΑοιτι
354 3001 472 3033 PARS
508 3002 540 3034 ι.
1420 2984 1446 3031 d
