1976 3224
560 182 734 219 LIBER
759 182 863 220 XII.
898 181 1020 222 CAP.
1051 179 1251 223 24—30.
1644 173 1745 218 207

78 322 222 363 ventu
249 311 807 363 Chattorumlatrocinia
836 311 1127 373 agitantium.
1192 311 1301 359 dein
1332 309 1385 359 1*
1403 309 1427 341 *
1453 309 1748 374 Pomponius

77 385 268 447 legatus
290 381 545 431 auxiliares
565 381 844 443 Vangionas
866 394 923 427 ac
941 378 985 427 N
990 387 1184 443 emetaS,
1210 380 1369 429 addito
1392 381 1552 444 equite
1575 378 1746 440 alario,

78 455 285 503 monitos
326 459 377 499 ut
413 452 647 500 anteirent
683 449 997 514 populatores
1037 449 1115 497 vel
1154 450 1352 514 dilapsis
1386 449 1621 514 inprovisi
1656 449 1746 495 cir-

80 521 513 572 cumfunderentur.
571 527 619 568 et
649 526 815 568 secuta
844 518 1091 567 eonsilium
1118 520 1252 568 ducis
1279 519 1507 568 industria
1532 518 1744 579 militum,
1765 538 1806 571 10

79 591 312 657 divisique
341 591 387 638 in
415 590 506 639 duo
535 590 747 652 agmina,
779 591 858 652 qui
897 589 1085 637 laevum
1120 591 1210 638 iter
1239 591 1536 654 petiverant,
1573 602 1748 636 recens

77 676 308 712 reversos
333 659 611 724 praedaque
637 674 725 723 per
749 659 909 706 luxum
937 673 1051 707 usos
1077 667 1123 708 et
1151 674 1319 709 somno
1345 674 1524 723 graves
1551 659 1747 706 circum-

79 747 274 781 venere.
337 736 473 778 aucta
509 729 715 791 laetitia,
756 728 883 792 quod
910 728 1139 792 quosdam
1171 745 1198 778 e
1235 729 1373 779 clade
1397 728 1605 777 Variana
1635 742 1747 792 qua-

81 801 430 865 dragensimum
456 805 567 862 post
595 812 764 846 annum
790 799 987 846 servitio
1018 806 1314 848 exemerant.
1399 816 1402 820 ·

183 870 266 921 28.
305 869 368 917 At
399 870 476 933 qui
504 868 684 916 dextris
711 874 758 915 et
786 867 1094 932 propioribus
1121 869 1419 933 compendiis
1452 870 1631 929 ierant,
1669 866 1750 916 ob-

79 944 158 991 vio
187 940 312 989 hosti
341 946 389 987 et
425 940 576 987 aciem
613 951 727 986 auso
756 937 864 1001 plus
891 937 1040 985 cladis
1064 936 1280 1002 faciunt,
1318 947 1364 987 et
1399 938 1579 1002 praeda
1605 938 1750 986 fama·

81 1026 172 1076 que
210 1010 366 1058 onusti
405 1007 478 1056 ad·
501 1014 709 1055 montem
735 1006 944 1056 Taunum
983 1016 1314 1071 revertuntur,
1352 1008 1431 1056 ubi
1459 1007 1752 1072 Pomponius

83 1096 185 1130 cum
222 1077 498 1142 legionibus
535 1075 910 1141 opperiebatur,
949 1079 990 1125 si
1021 1076 1177 1126 Chatti
1219 1077 1443 1142 cupidine
1486 1076 1751 1126 ulciscendi

83 1165 244 1200 casum
272 1162 462 1212 pugnae
488 1146 793 1211 praeberent.
844 1146 912 1195 illi
937 1154 1090 1210 metu,
1118 1163 1178 1196 ne
1204 1147 1313 1196 hinc
1342 1148 1615 1208 Romanus,
1642 1146 1750 1195 inde
1767 1168 1788 1200 ι,

84 1219 342 1280 Cherusci,
397 1232 500 1265 cum
538 1218 642 1280 quis
678 1223 921 1265 aeternum
957 1216 1259 1280 discordant,
1311 1216 1752 1280 eircumgrederen-

82 1298 180 1351 tur,
219 1288 413 1350 legatos
441 1288 493 1346 in,
525 1285 690 1334 urbem
715 1293 763 1334 et
788 1285 984 1334 obsides
1016 1288 1220 1344 misere;
1262 1286 1583 1351 decretusque
1614 1285 1752 1334 Pom-

85 1359 232 1424 ponio
258 1355 553 1420 triumphalis
577 1355 754 1417 honOS,
781 1355 967 1405 modica
993 1371 1114 1420 pars·
1131 1357 1285 1406 famae
1313 1358 1415 1405 eius
1442 1356 1566 1420 apud
1591 1363 1752 1420 poste-

82 1442 193 1490 τος,
225 1428 272 1475 in
301 1426 407 1490 quis
433 1426 687 1475 carminum
711 1425 867 1488 gloria
896 1427 1165 1491 praecellit.

187 1496 268 1547 29.
307 1495 399 1544 Per
438 1492 562 1544 idem
599 1503 788 1560 tempus
816 1497 1031 1545 Vannius
1070 1495 1244 1545 Suebis
1280 1511 1305 1544 a
1340 1495 1498 1545 Druso
1543 1494 1755 1544 Caesare

84 1567 320 1631 inpositus
351 1565 546 1630 pellitur
571 1579 755 1628 regn0,
797 1567 948 1630 prima
991 1567 1178 1630 imperii
1219 1572 1377 1615 aetate
1421 1565 1578 1614 clarus
1615 1579 1754 1613 acce-

82 1644 287 1702 ptusque
313 1634 644 1700 popularibuS,
670 1649 783 1683 mox
810 1635 1111 1685 diuturnitate
1139 1637 1184 1684 in
1211 1634 1485 1699 superbiam
1504 1641 1687 1682 mutans
1709 1640 1757 1681 et

0 1733 1 1752 1
86 1705 196 1756 odio
235 1705 538 1768 accolarum,
592 1704 728 1753 simul
771 1704 1047 1754 domesticis
1087 1705 1343 1754 discordiis
1386 1706 1754 1753 circumventus.

85 1783 308 1825 auctores
342 1775 478 1823 fuere
521 1773 725 1824 Vibilius
760 1773 1197 1825 Hermundurorum
1242 1790 1331 1824 rex
1378 1783 1424 1823 et
1464 1775 1657 1837 Vangio
1697 1787 1754 1821 ac
1780 1788 1799 1819 5

87 1845 200 1894 Sido
239 1858 409 1893 sorore
439 1845 611 1893 Vannii
649 1846 815 1906 geniti.
877 1860 969 1893 nec-
999 1845 1250 1908 Claudius,
1298 1859 1580 1909 quamquam
1606 1858 1755 1907 saepe

90 1921 280 1975 oratus,
312 1928 439 1962 arma
469 1913 757 1961 certantibus
784 1913 1002 1962 barbaris
1030 1915 1345 1978 interposuit,
1390 1922 1535 1963 tutum
1566 1914 1755 1962 Vannio

87 1983 360 2048 perfu'gium
405 1982 711 2046 promittenS,
768 1983 807 2030 si
852 1983 1140 2047 pelleretur;
1202 1985 1492 2047 scripsitque
1537 1981 1755 2045 Palpelio

85 2053 273 2116 Histr0,
309 2053 387 2116 qui
414 2051 702 2101 Pannoniam
730 2051 1062 2116 praesidebat,
1092 2053 1335 2116 legionem
1360 2055 1562 2116 ipsaque
1593 2067 1619 2099 e
1646 2064 1756 2114 pro-

87 2123 241 2172 vincia
279 2122 403 2170 lecta
442 2122 614 2171 auxilia
650 2136 739 2185 pro
771 2123 874 2185 ripa
912 2131 1251 2187 componeret,
1292 2121 1503 2170 subsidio
1534 2121 1672 2168 victis
1711 2126 1758 2167 et
1776 2131 1816 2164 ιο

88 2200 323 2243 terrorem
353 2191 583 2241 adversus
610 2193 847 2254 victoreS,
882 2208 940 2240 ne
968 2193 1156 2242 fortuna
1184 2192 1294 2240 elati
1319 2199 1532 2240 nostram
1563 2204 1757 2254 quoque

88 2278 258 2328 pacem
294 2262 552 2311 turbarent.
628 2276 734 2309 nam
769 2262 842 2309 vis
878 2262 1119 2310 innumera
1155 2261 1291 2324 Lugii
1333 2262 1551 2324 aliaeque
1585 2267 1759 2323 gentes

90 2331 434 2393 adventabant,
462 2331 585 2380 fama
613 2330 723 2380 ditis
748 2333 885 2394 regni
902 2370 914 2394 ,
955 2331 1082 2396 quod
1107 2331 1319 2380 Vannius
1344 2332 1539 2394 triginta
1565 2345 1654 2394 per
1680 2344 1757 2378 an-

90 2416 179 2451 nos
209 2401 597 2466 praedationibus
637 2407 683 2450 et
711 2401 1029 2464 vectigalibus
1061 2408 1289 2463 auxerat„
1339 2402 1432 2465 ipsi
1457 2415 1620 2448 manus
1648 2413 1756 2462 pro-

92 2473 196 2536 pria
223 2471 437 2535 pediteS,
479 2485 629 2535 eques
657 2486 683 2519 e
713 2471 941 2519 Sarmatis
969 2471 1224 2534 Iazygibus
1257 2478 1383 2531 erat,
1422 2471 1574 2532 impar
1599 2467 1815 2515 multi-15

93 2540 240 2589 tudini
264 2541 498 2602 hostium,
529 2554 686 2604 eoque
714 2540 927 2589 castellis
959 2556 1070 2589 sese
1095 2541 1349 2589 defensare
1379 2538 1650 2600 bellumque
1677 2535 1757 2584 du-

95 2625 207 2659 cere
237 2617 479 2660 statuerat.

198 2680 280 2731 30.
321 2679 416 2729 Sed
453 2679 657 2742 lazyges
689 2678 951 2727 obsidionis
980 2679 1280 2742 impatientes
1322 2677 1644 2739 et'proximos
1671 2691 1760 2739 per

98 2763 293 2815 campos
331 2750 440 2812 vagi
488 2748 888 2797 necessitudinem
926 2763 1116 2811 pugnae
1161 2745 1387 2807 attulere,
1436 2746 1543 2809 quia
1581 2744 1759 2808 Lugius

96 2816 545 2882 Hermundurusque
582 2818 681 2866 illic
726 2818 1016 2880 ingruerant.
1078 2818 1221 2879 igitur
1258 2814 1519 2875 degressus
1546 2814 1758 2863 castellis

99 2887 308 2936 Vannius
332 2888 539 2936 funditur
566 2887 779 2951 proeli0,
810 2902 1088 2950 quamquam
1114 2885 1259 2934 rebus
1284 2882 1498 2931 adversis
1524 2883 1757 2945 laudatuS,
