1976 3224
516 207 691 244 mnne
711 207 815 245 xn.
846 207 969 245 cAP.
996 205 1196 249 53-58-
1623 193 1724 244 219

166 335 250 384 56.
299 334 396 383 Sub
432 334 558 383 idem
593 341 780 399 tempus
830 336 952 382 inter
987 335 1141 383 lacum
1177 335 1406 384 Fucinum
1446 347 1727 396 amnemque

63 404 205 454 Lirim
241 411 472 469 perrupto
509 411 699 466 monte,
736 419 830 469 quo
868 404 1220 467 magnificentia
1257 406 1422 469 operis
1457 419 1484 452 a
1510 402 1728 468 pluribus

60 477 323 535 viseretur,
365 474 473 522 lacu
508 475 555 521 in
583 475 690 538 ipso
716 473 888 522 navale
917 473 1153 537 proelium
1179 474 1462 536 adornatur,
1500 481 1549 522 ut
1574 487 1726 537 quon·

57 544 167 593 dam
194 542 439 606 Augustus
466 550 646 591 structo
684 550 812 592 trans
842 543 1051 591 Tiberim
1078 550 1279 605 stagno,
1319 543 1406 591 sed
1431 542 1620 591 levibus
1647 557 1727 591 na·

58 613 204 676 vigiis
238 619 287 660 et
309 613 493 661 minore
530 613 671 676 copia
697 612 928 661 ediderat.
984 611 1210 661 Claudius
1235 615 1456 661 triremes
1483 611 1727 676 quadrire-
1750 631 1770 663 5

57 696 258 746 mesque
284 688 332 729 et
358 681 652 744 undeviginti
682 682 919 730 hominum
945 682 1071 730 milia
1102 685 1327 745 armavit,
1360 683 1520 730 cincto
1548 680 1727 730 ratibus

61 751 261 813 ambitu,
303 765 364 798 ne
393 766 517 814 vaga
544 751 721 814 effugia
746 751 934 815 forent,
973 767 1029 800 ac
1063 759 1219 799 tamen
1244 753 1450 816 spatium
1478 751 1728 816 amplexus

59 821 119 872 ad
146 821 238 869 vim
264 821 452 883 remigii
463 820 869 884 ,gubernantium
894 828 1040 882 arteS,
1069 822 1273 885 impetus
1301 822 1488 879 navium
1512 828 1560 869 et
1586 834 1726 884 proe-

58 891 124 940 lio
162 889 317 938 solita.
390 891 437 937 in
470 889 651 938 ratibus
687 892 1032 954 praetoriarum
1067 890 1336 939 cohortium
1372 890 1597 954 manipuli
1634 897 1727 938 tur-

58 974 260 1024 maeque
284 958 590 1022 adstiteraut,
623 960 908 1023 antepositis
938 960 1344 1024 propugnaculiS,
1378 976 1440 1008 ex
1468 961 1573 1024 quis
1602 966 1789 1010 cata-10

60 1029 220 1094 pultae
244 1028 561 1092 ballistaeque
586 1028 911 1078 tenderentur.
942 1030 1145 1093 reliqua
1169 1030 1304 1078 lacus
1331 1030 1563 1079 classiarii
1587 1030 1730 1077 tectis

59 1097 259 1148 navibus
287 1097 580 1148 obtinebant.
638 1100 768 1162 ripas
796 1105 844 1145 et
875 1098 1030 1147 eolles
1054 1102 1379 1163 montiumque
1405 1096 1531 1148 edita
1556 1100 1603 1147 iu
1629 1112 1727 1146 mo-

58 1168 167 1216 dum
196 1167 370 1216 theatri
395 1166 641 1215 multitudo
675 1168 919 1216 innumera
946 1169 1234 1232 complevit,
1263 1170 1494 1233 proximis
1529 1184 1556 1217 e
1582 1170 1728 1216 muni-

60 1238 199 1301 cipiis
221 1243 268 1284 et
294 1236 373 1284 alii
397 1235 516 1284 urbe
538 1251 600 1284 ex
624 1238 759 1300 ipsa,
787 1236 971 1285 visendi
994 1237 1217 1303 cupidine
1243 1246 1321 1287 aut
1348 1239 1511 1287 officio
1532 1239 1578 1285 in
1602 1238 1729 1302 prin·

61 1309 233 1370 cipem.
280 1306 401 1370 ipse
435 1306 608 1368 insigni
643 1305 1006 1370 paludamento,
1054 1322 1213 1370 neque
1252 1308 1421 1372 procul
1460 1308 1790 1372 Agrippinam

60 1374 310 1436 chlamyde
354 1382 546 1437 aurata,
598 1375 910 1439 praesedere.
979 1385 1239 1441 pugnatum
1285 1392 1566 1441 quamquam
1607 1377 1731 1424 inter

54 1452 224 1494 sontes
248 1445 437 1493 fortium
467 1445 679 1493 virorum
710 1446 894 1508 anim0,
932 1460 990 1494 ac
1014 1454 1127 1514 post
1154 1447 1347 1495 multum
1372 1447 1622 1495 vulnerum
1648 1460 1730 1494 oc-

59 1514 235 1564 cidioni
264 1515 473 1578 exempti
501 1521 624 1562 suut.

162 1583 245 1631 57.
285 1582 382 1631 Sed
419 1583 642 1646 perfecto
682 1584 966 1648 spectaculo
1004 1592 1222 1647 apertum
1245 1600 1474 1649 ‘aquarum
1499 1585 1604 1633 iter.
1663 1585 1731 1632 in·

58 1653 189 1702 curia
216 1653 380 1716 operis
404 1652 655 1702 manifesta
681 1652 795 1716 fuit,
831 1652 957 1701 haud
994 1654 1110 1702 satis
1138 1653 1359 1718 depressi
1385 1654 1445 1703 ad
1481 1653 1616 1702 lacus
1641 1653 1733 1702 ima

57 1721 138 1772 vel
165 1721 336 1770 media.
387 1735 572 1785 eoque,
604 1729 824 1787 tempore
852 1723 1134 1786 interiecto,
1173 1724 1312 1772 altius
1340 1724 1507 1772 effossi
1535 1738 1732 1787 specuS,

59 1798 108 1840 et
135 1789 490 1839 contrahendae
524 1806 689 1839 rursus
721 1792 1005 1840 multitudini
1044 1791 1362 1854 gladiatorum
1403 1793 1733 1857 spectaculum

60 1859 238 1923 editur,
273 1859 431 1906 inditis
465 1860 690 1923 pontibus
726 1861 1002 1924 pedestrem
1039 1861 1098 1909 ad
1126 1877 1349 1925 pugnam.
1403 1865 1514 1926 quin
1540 1869 1587 1910 et
1616 1876 1729 1911 con·
1752 1877 1772 1909 5

61 1929 237 1977 vivium
277 1927 473 1976 effluvio
520 1928 655 1977 lacus
691 1930 961 1994 adpositum
1001 1945 1173 1992 magna
1225 1931 1480 1980 formidine
1533 1938 1734 1980 cunctos

61 1997 262 2060 adfecit,
310 1998 419 2061 quia
463 1998 537 2045 vis
585 2012 813 2062 aquarum
862 2013 1184 2062 prorumpens
1231 2002 1449 2064 proxima
1494 2000 1732 2061 trahebat,

61 2065 307 2117 convulsis
347 2066 656 2116 ulterioribus
685 2076 764 2116 aut
796 2068 996 2130 fragore
1023 2075 1072 2116 et
1106 2069 1546 2118 sonituexterritis.
1598 2068 1735 2117 simul

61 2135 332 2200 Agrippina
358 2135 678 2200 trepidatione
698 2138 930 2201 principis
956 2152 1040 2186 usa
1067 2138 1329 2187 ministrum
1358 2139 1524 2202 operis
1543 2137 1733 2187 Narcis-

60 2220 162 2254 sum
186 2207 372 2253 incusat
402 2205 637 2269 cupidinis
676 2220 733 2255 ac
759 2206 1059 2270 praedarum.
1122 2222 1213 2256 nec
1252 2207 1335 2256 ille
1360 2209 1559 2270 reticet,
1596 2209 1731 2271 inpo·
1751 2229 1792 2262 10

58 2276 251 2323 tentiam
280 2273 559 2323 muliebrem
589 2276 851 2340 nimiasque
877 2290 994 2340 spes
1022 2276 1126 2324 eius
1153 2291 1380 2340 arguens.

162 2342 246 2392 58.
285 2341 342 2390 D.
370 2342 503 2392 Iunio
533 2344 591 2405 Q.
618 2344 814 2394 Haterio
851 2345 1128 2394 consulibus
1162 2346 1380 2395 sedecim
1419 2361 1571 2396 annos
1598 2354 1734 2395 natus

58 2412 192 2461 Nero
222 2411 468 2462 Octaviam
499 2412 725 2463 Caesaris
760 2415 902 2463 filiam
938 2415 987 2463 iu
1019 2416 1367 2464 matrimonium
1402 2417 1609 2480 accepit.
1665 2423 1734 2464 ut-

62 2497 154 2547 que
180 2481 346 2530 studiis
381 2481 598 2531 honestis
626 2489 676 2532 et
700 2483 1008 2547 eloquentiae
1034 2485 1194 2547 gloria
1231 2487 1549 2548 enitesceret,
1589 2499 1733 2533 causa

59 2549 304 2599 Iliensium
340 2559 567 2615 suscepta
592 2553 854 2602 Romanum
886 2553 1029 2602 Troia
1063 2553 1319 2602 demissum
1357 2562 1404 2602 et
1439 2554 1589 2602 Iuliae
1627 2555 1731 2601 stir-

65 2621 138 2684 pis
167 2628 413 2669 auctorem
438 2619 654 2669 Aeneam
694 2621 883 2685 aliaque
911 2622 1034 2670 haud
1076 2623 1245 2686 procul
1272 2623 1446 2671 fabulis
1477 2622 1633 2686 [vera]
1665 2622 1732 2671 fa·
1750 2642 1770 2673 ⁵

64 2688 215 2737 eunde
251 2697 509 2738 exsecutus
546 2697 793 2755 perpetrat
826 2697 876 2737 ut
902 2690 1104 2738 Ilienses
1141 2693 1267 2739 omni
1303 2690 1732 2755 publico‘munere

59 2756 378 2807 solverentur.
450 2759 620 2808 eodem
656 2767 849 2807 oratore
885 2759 1176 2808 Bononiensi
1214 2761 1435 2808 coloniae
1470 2761 1569 2823 igni
1602 2760 1715 2809 hau·

62 2832 164 2874 stae
189 2827 467 2877 subventum
504 2829 717 2877 centiens
752 2829 961 2876 sestertii
999 2829 1271 2890 largitione.
1345 2828 1560 2878 redditur
1604 2829 1734 2879 Rho*

62 2893 151 2942 diis
196 2895 418 2961 libertas,
466 2898 686 2962 adempta
729 2911 878 2961 saepe
918 2905 994 2945 aut
1033 2898 1236 2962 firmata,
1279 2906 1421 2962 prout
1461 2899 1612 2948 bellis
1650 2914 1731 2947 ex·
