1976 3224
254 151 357 202 146
675 162 948 201 commui
972 161 1163 202 -rAcrm
1184 162 1486 200 ANNALIUM

251 289 450 355 laqueus
494 288 806 338 inducantur?
852 304 948 338 non
996 289 1326 352 inprudentem
1365 288 1603 337 Tiberium
1636 297 1811 338 tantam
1846 291 1914 337 in-

253 360 424 408 vidiam
451 358 628 422 adisse,
660 366 734 407 set
762 359 1026 423 quaesitum
1053 358 1439 423 meditatumque,
1463 373 1524 406 ne
1552 358 1663 422 quid
1681 358 1916 423 impedire

253 428 475 477 credatur
504 442 598 492 quo
630 430 783 476 minus
820 429 933 476 novi
969 429 1300 490 magistratuS,
1339 442 1432 491 quo
1467 427 1609 476 modo
1638 427 1836 477 delubra
1867 435 1917 476 et

194 516 234 548 15
253 497 445 560 altaria,
478 499 548 546 sic
578 512 825 546 carcerem
850 496 1114 545 recludant.
1167 504 1361 545 secutae
1388 498 1585 561 insuper
1611 497 1779 547 literae
1804 512 1912 560 gra-

250 576 325 617 tes
350 568 555 630 agentiS,
584 565 712 631 quod
737 566 976 623 hominem
1002 566 1235 614 infensum
1254 566 1326 613 rei
1352 565 1574 629 publicae
1595 567 1914 631 punivissent,

251 636 440 685 adiecto
471 636 705 700 trepidam
730 631 835 683 *sibi
872 637 1044 698 vitam,
1085 642 1337 699 suspectas
1361 635 1658 686 inimicorum
1699 636 1914 698 insidiae,

250 705 383 754 nullo
414 707 686 754 nominatim
715 699 1015 768 conpellato;
1049 719 1207 768 neque
1233 711 1389 753 tamen
1415 705 1713 754 dubitabatur
1747 706 1793 752 in
1818 704 1913 752 Ne·

250 789 417 824 renem
448 782 495 823 et
524 773 845 838 Agrippinam
872 773 1066 822 intendi.

358 844 438 892 71.
470 843 529 891 Ni
556 843 666 891 mih-i
695 842 975 892 destinatum
1000 843 1130 891 foret
1155 858 1289 891 suum
1315 857 1532 907 quaeque
1567 843 1614 891 in
1644 858 1814 893 annum
1838 858 1913 891 re·

250 914 397 975 ferre,
425 912 599 962 avebat
626 914 804 961 animus
834 913 985 960 antire
1015 913 1269 976 statimque
1293 927 1560 962 memorare
1589 913 1761 976 exitus,
1792 926 1915 976 quos

249 982 459 1032 Latinius
495 989 639 1046 atque
677 981 852 1045 Opsius
893 982 1141 1045 ceterique
1175 981 1343 1044 flagitii
1383 983 1486 1031 eius
1517 989 1800 1045 repertores
1832 981 1913 1031 ha·

250 1052 426 1114 buere,
464 1065 559 1099 non
594 1051 736 1098 modo
772 1057 1032 1115 postquam,
1054 1049 1406 1107 GaiusCaesar
1439 1066 1597 1100 rerum
1622 1053 1800 1116 potitus
1825 1057 1914 1112 est,

211 1140 230 1172 5
253 1120 339 1170 sed
372 1119 597 1182 incolumi
623 1119 847 1182 Tiberin,
876 1121 954 1183 qui
986 1119 1225 1168 scelerum
1260 1121 1502 1168 ministros
1539 1127 1589 1168 ut
1614 1121 1829 1184 perverti
1855 1119 1913 1168 ab

192 1203 194 1205 ’
252 1190 358 1239 aliis
396 1188 620 1251 nolebat,
661 1191 724 1237 ita
775 1188 1059 1253 plerumque
1107 1190 1304 1237 satiatus
1343 1197 1390 1238 et
1425 1189 1599 1238 oblatis
1633 1192 1680 1238 in
1715 1188 1915 1238 eandem

253 1274 451 1323 operam
479 1258 758 1306 recentibus
784 1266 977 1306 veteres
1004 1265 1051 1306 et
1079 1272 1380 1322 praegraves
1407 1258 1613 1307 adflixit:
1643 1273 1806 1307 verum
1829 1258 1916 1307 has

253 1336 396 1391 atque
436 1327 554 1375 alias
598 1327 801 1376 sontium
834 1342 1015 1391 poenas
1041 1329 1087 1375 in
1115 1334 1335 1392 tempore
1368 1328 1625 1376 trademus.
1680 1335 1774 1376 tum
1807 1343 1915 1376 cen·

252 1397 345 1445 suit
364 1396 559 1444 Asinius
582 1396 764 1459 GalluS,
795 1396 927 1444 cuius
953 1395 1215 1444 liberorum
1234 1395 1506 1462 Agrippina
1526 1404 1782 1446 matertera
1799 1404 1914 1459 erat,

196 1480 235 1513 10
254 1465 510 1530 petendum
538 1481 564 1514 a
594 1466 814 1531 principe
841 1472 889 1514 ut
912 1472 1065 1513 metus
1093 1480 1208 1513 suos
1228 1467 1411 1515 senatui
1432 1467 1662 1515 fateretur
1682 1466 1915 1516 amoveri-

254 1550 347 1599 que
374 1536 569 1583 sineret.
622 1534 797 1584 nullam
824 1549 978 1599 aeque
1000 1533 1239 1597 Tiberius,
1269 1543 1318 1583 ut
1343 1535 1550 1598 rebatur,
1579 1550 1640 1602 ex
1667 1530 1915 1584 virtutibus

254 1606 351 1652 suis
390 1619 527 1668 quam
555 1604 979 1653 dissimulationem
1009 1603 1263 1666 diligebat:
1302 1618 1363 1652 eo
1401 1606 1595 1667 aegrius
1621 1605 1813 1670 accepit
1840 1619 1913 1652 re-

254 1673 379 1721 cludi
404 1687 527 1736 quae
549 1680 805 1737 premeret.
859 1672 946 1721 sed
964 1673 1196 1735 mitigavit
1219 1673 1439 1735 Seianus,
1468 1687 1562 1722 non
1585 1672 1707 1722 Galli
1731 1688 1914 1735 amore,

251 1756 418 1791 verum
453 1749 503 1789 ut
538 1743 868 1790 cunctationes
908 1742 1137 1806 principis
1174 1742 1499 1806 aperirentur,
1533 1757 1711 1805 gnarus
1737 1742 1915 1790 lentum

196 1814 302 1859 15in
338 1809 638 1874 meditando,
674 1809 754 1858 ubi
791 1811 1111 1875 prorupisset,
1150 1810 1362 1859 tristibus
1396 1811 1533 1860 dictis
1568 1813 1750 1860 atrocia
1786 1811 1914 1860 facta

255 1881 567 1942 coniungere.

350 1949 443 2003 Per
471 1949 596 1997 idem
631 1956 818 2014 tempus
858 1947 975 1997 Iulia
1004 1956 1204 1997 mortem
1236 1948 1380 2012 obiit,
1417 1964 1554 2013 quam
1589 1957 1782 2014 neptem
1817 1949 1913 1998 Au-

252 2025 422 2081 gustus
462 2019 733 2066 convictam
771 2017 989 2067 adulterii
1024 2018 1353 2078 damnaverat,
1382 2019 1751 2082 proieceratque
1775 2019 1822 2066 in
1847 2021 1913 2066 in-

255 2087 403 2136 sulam
432 2087 720 2150 Trimerum,
749 2086 872 2135 haud
910 2086 1081 2150 procul
1107 2086 1281 2150 Apulis
1314 2087 1552 2135 litoribus.
1606 2087 1708 2136 illic
1746 2087 1913 2150 viginti

195 2172 237 2204 20
255 2157 387 2204 annis
416 2155 608 2204 exilium
639 2156 866 2204 toleravit
892 2155 1140 2218 Augustae
1167 2170 1262 2220 ope
1288 2163 1566 2219 sustentata,
1594 2171 1715 2220 quae
1741 2156 1913 2205 floren-

251 2232 326 2272 tes
354 2225 606 2288 privignos
643 2240 747 2273 cum
777 2240 863 2288 per
901 2225 1139 2273 occultum
1167 2224 1510 2288 subvertisset,
1537 2224 1914 2274 misericordiam

253 2307 370 2354 erga
399 2292 617 2342 adflictos
640 2294 794 2357 palam
821 2293 1119 2359 ostentabat.-

358 2361 440 2409 72.
482 2361 667 2409 Eodem
703 2375 826 2410 anno
865 2361 1029 2423 Frisii,
1070 2361 1441 2410 transrhenanus
1481 2363 1712 2427 populus,
1744 2377 1913 2427 pacem

254 2443 450 2491 exuere,
481 2438 644 2479 nostra
679 2431 834 2493 magis
863 2431 1058 2478 avaritia
1093 2444 1231 2493 quam
1259 2429 1478 2494 obsequii
1496 2432 1800 2495 inpatientes.
1832 2432 1911 2479 tri-

251 2499 413 2547 butum
444 2499 503 2547 iis
534 2498 718 2547 Drusus
747 2500 952 2547 iusserat
986 2498 1223 2547 modicum
1260 2513 1350 2564 pro
1391 2501 1610 2562 angustia
1643 2515 1824 2562 rerum,
1864 2506 1912 2548 ut

251 2569 298 2615 in
336 2582 450 2615 usus
475 2568 705 2617 militares
743 2568 875 2616 coria
908 2567 1050 2616 boum
1078 2567 1369 2632 penderent,
1406 2583 1502 2618 non
1539 2571 1718 2618 intenta
1758 2572 1908 2617 cuius·

214 2657 233 2688 5
253 2650 392 2701 quam
420 2652 531 2686 cura
559 2652 680 2701 quae
710 2635 965 2699 firmitud0,
1010 2651 1132 2700 quae
1158 2651 1407 2700 mensura,
1447 2637 1603 2687 donec
1630 2637 1860 2686 Olennius
1884 2652 1911 2685 e

255 2705 625 2769 primipilaribus
651 2704 878 2769 regendis
894 2704 1061 2754 Frisiis
1087 2707 1322 2771 inpositus
1343 2714 1480 2770 terga
1502 2720 1692 2755 urorum
1711 2706 1909 2770 delegit,

256 2788 453 2835 quorum
481 2774 540 2823 ad
574 2775 775 2824 formam
808 2775 1161 2838 acciperentur.
1211 2774 1260 2823 id
1287 2776 1390 2824 aliis
1419 2789 1611 2839 quoque
1639 2775 1908 2824 nationibus

251 2841 448 2892 arduum
484 2843 610 2906 apud
652 2843 1204 2894 Germanosdifficilius
1240 2843 1560 2906 tolerabatur,
1600 2845 1705 2907 quis
1740 2845 1906 2906 ingen·
