1976 3224
263 160 366 213 284
698 171 972 211 CORNELH
996 171 1190 210 TACITI
1211 173 1519 212 ANNALmM

266 315 431 350 eorum
465 299 789 363 MonobazuS,
831 317 971 366 quem
1007 316 1161 366 penes
1203 302 1504 350 Adiabenum
1529 303 1774 365 regimen,
1817 305 1950 367 quod

208 386 249 419 15
267 369 559 436 praesidium
585 377 663 418 aut
697 371 822 419 unde
858 379 1049 436 peteret
1082 374 1319 435 rogitans,
1375 373 1466 419 iam
1493 371 1551 420 de
1578 371 1804 421 Armenia
1832 388 1948 422 con-

267 455 474 503 cessum,
503 441 721 504 proxima
750 441 898 497 trahi;
943 448 990 489 et
1014 442 1104 489 nisi
1137 441 1396 491 defendant
1424 441 1611 504 Parthi,
1650 442 1806 491 levius
1846 458 1945 492 ser-

266 511 429 560 vitium
466 510 591 574 apud
629 510 876 560 Romanos
918 511 1092 563 deditis
1130 527 1267 576 quam
1318 513 1473 575 captis
1522 527 1650 560 esse.
1705 512 1953 564 Tiridates.

269 594 460 645 quoque
499 581 638 643 regni
677 581 912 644 profugus
949 597 1037 646 per
1070 581 1311 630 silentium
1357 589 1436 630 aut
1470 578 1661 631 modic'e
1697 582 1951 648 querendo·

267 651 466 714 gravior
492 656 618 699 erat:
648 665 743 698 non
772 653 895 699 enim
922 653 1114 715 ignavia
1147 667 1321 715 magna
1348 654 1549 716 imperia
1580 653 1839 710 contineri;
1878 654 1946 701 vi·

210 737 252 770 20
269 735 432 769 rorum
460 734 793 784 armorumque
819 721 1089 770 faciendum
1117 729 1386 779 certamem
1416 723 1463 771 id
1487 725 1534 771 in
1559 738 1737 772 summa
1758 723 1948 772 fortuna

269 791 468 854 aequius
507 790 636 854 quod
673 791 899 848 validius;
943 800 991 840 et
1028 807 1112 840 sua
1149 793 1362 842 retinere
1394 795 1611 858 privatae
1649 792 1846 855 domuS,
1886 791 1948 841 de

268 860 438 910 alienis
469 868 658 909 certare
682 863 866 924 regiam
893 862 1081 911 laudem
1109 878 1235 911 esse.

372 929 419 978 2.
471 929 624 993 Igitur
661 940 928 980 commotus
975 932 1049 981 his
1085 932 1370 995 Vologeses
1422 933 1676 981 concilium
1718 939 1864 980 vocat
1900 939 1949 980 et

272 1001 539 1066 proximum
576 1000 666 1049 sibi
705 1001 949 1051 Tiridaten
985 1004 1229 1051 constituit
1262 1010 1405 1067 atque
1441 1005 1504 1051 ita
1538 1002 1743 1051 orditur:
1789 1002 1950 1050 ‘hunc

271 1085 366 1134 ego
405 1070 577 1119 eodem
610 1086 795 1120 mecum
843 1079 983 1137 patre
1030 1074 1271 1136 genitum,
1323 1087 1427 1120 cum
1465 1072 1575 1133 mihi
1614 1087 1704 1136 per
1744 1079 1949 1121 aetatem

271 1155 451 1189 summo
481 1142 674 1189 nomine
704 1144 1062 1206 concessisset,
1101 1144 1146 1191 in
1184 1143 1552 1206 possessionem
1579 1141 1838 1190 Armeniae
1867 1141 1946 1190 de-

197 1266 200 1267 ⁷
227 1222 247 1254 5
271 1210 408 1274 duxi,
447 1211 524 1274 qui
564 1212 732 1260 tertius
770 1214 1018 1279 potentiae
1043 1211 1223 1276 gradus
1262 1211 1488 1261 habetur:
1529 1227 1635 1260 nam
1661 1211 1834 1260 Medos
1861 1211 1947 1260 Pa-

272 1295 415 1329 corus
455 1288 564 1329 ante
603 1289 818 1346 ceperat.
874 1282 1173 1346 videbarque
1209 1289 1374 1331 contra
1411 1289 1578 1330 vetera
1611 1282 1809 1331 fratrum
1839 1281 1948 1330 odia

271 1359 319 1399 et
348 1352 607 1399 certamina
632 1351 840 1401 familiae
861 1360 1058 1401 nostrae
1086 1359 1290 1416 penates
1315 1353 1405 1401 rite
1435 1353 1786 1416 composuisse.
1834 1366 1948 1415 pro-

270 1421 436 1469 hibent
464 1421 668 1470 Romani
701 1429 748 1470 et
776 1437 945 1486 pacem
975 1437 1227 1487 numquam
1254 1423 1372 1486 ipsis
1402 1437 1642 1487 prospere
1673 1422 1946 1471 lacessitam

270 1506 396 1539 nune
437 1505 631 1555 quoque
671 1492 717 1539 in
755 1493 949 1541 exitium
984 1507 1117 1540 suum
1145 1492 1443 1557 abrumpunt.
1501 1507 1597 1541 non
1626 1491 1707 1541 ibo
1743 1492 1946 1540 infitias·

215 1569 255 1602 10
272 1561 510 1625 aequitate
551 1575 690 1625 quam
727 1563 988 1625 sanguine,
1027 1577 1170 1610 causa
1212 1577 1350 1626 quam
1389 1563 1530 1610 armis
1567 1563 1777 1611 retinere
1814 1568 1947 1626 parta

270 1630 531 1680 maioribus
556 1631 834 1680 malueram.
886 1633 925 1680 si
948 1633 1251 1681 cunctatione
1272 1632 1464 1696 deliqui,
1492 1633 1668 1680 virtute
1690 1632 1946 1694 corrigam.

271 1708 435 1749 vestra
464 1701 653 1764 quidem
682 1703 757 1749 vis
787 1710 834 1750 et
863 1702 1023 1764 gloria
1051 1702 1102 1750 in
1127 1702 1318 1764 integro
1347 1708 1448 1764 est,
1488 1700 1645 1750 addita
1682 1700 1950 1750 modestiae

272 1772 422 1832 fama,
465 1786 589 1834 quae
619 1786 775 1834 neque
805 1773 997 1819 summis
1022 1771 1289 1820 mortalium
1315 1771 1591 1835 spernenda
1619 1778 1694 1820 est
1721 1779 1769 1820 et
1807 1786 1834 1820 a
1877 1771 1951 1820 dis

274 1841 587 1890 aestimatur.'
643 1840 779 1903 simul
820 1840 1086 1890 diademate
1118 1849 1262 1904 caput
1288 1840 1514 1889 Tiridatis
1548 1841 1750 1898 evinxit;
1790 1855 1948 1905 prom·

215 1921 255 1954 15
275 1918 402 1977 ptam
431 1911 640 1974 equitum
669 1926 871 1974 manum,
898 1926 1019 1976 quae
1047 1925 1217 1973 regem
1245 1926 1306 1959 ex
1331 1925 1466 1959 more
1496 1918 1734 1975 sectatur,
1762 1909 1951 1960 Monesi

270 1981 420 2030 nobili
450 1982 553 2029 viro
581 1980 796 2043 tradidit,
826 1981 1027 2030 adiectis
1054 1979 1413 2029 Adiabenorum
1439 1980 1650 2043 auxiliiS,
1688 1980 1949 2030 mandavit-

273 2067 366 2116 que
394 2050 636 2114 Tigranen
662 2050 890 2099 Armenia
918 2050 1206 2113 exturbare,
1245 2050 1351 2098 dum
1379 2053 1486 2115 ipse
1515 2051 1690 2115 positis
1718 2050 1951 2099 adversus

270 2121 523 2183 Hyrcanos
554 2120 812 2169 discordiis
843 2122 972 2169 vires
1009 2122 1195 2169 intimas
1223 2120 1495 2184 molemque
1530 2119 1646 2168 belli
1674 2121 1796 2181 ciet,
1839 2121 1947 2184 pro·

271 2191 444 2240 vinciis
469 2191 697 2239 Romanis
729 2192 966 2239 minitans,

375 2260 422 2310 3.
459 2261 593 2321 Quae
620 2259 700 2308 ubi
725 2259 993 2309 Corbuloni
1016 2261 1163 2309 certis
1189 2261 1364 2308 nuntiis
1381 2259 1538 2308 audita
1562 2267 1694 2322 sunt,
1725 2259 1950 2321 legiones

274 2331 390 2379 duas
413 2345 517 2378 cum
537 2328 784 2378 Verulano
807 2331 995 2378 Severo
1018 2331 1241 2380 etVettio
1259 2329 1444 2378 Bolano
1469 2329 1729 2378 subsidium
1751 2328 1951 2391 Tigrani

271 2401 433 2463 mittit,
465 2399 660 2448 occulto
692 2408 984 2463 praecepte,
1013 2400 1327 2463 compositius
1356 2407 1524 2447 cuncta
1553 2413 1692 2463 quam
1720 2398 1949 2447 festinan-

273 2472 367 2520 tius
403 2476 634 2533 agerent:
675 2470 856 2534 quippe
891 2469 1070 2518 bellum
1113 2469 1292 2517 habere
1333 2484 1471 2534 quam
1508 2483 1685 2532 gerere
1723 2464 1948 2516 malebat.

236 2555 256 2587 ⁵
274 2541 635 2604 scripseratque
665 2537 864 2587 Caesari
895 2542 1097 2604 proprio
1127 2538 1248 2588 duce
1277 2553 1399 2603 opus
1421 2554 1549 2602 esse,
1576 2539 1654 2604 qui
1674 2538 1949 2586 Armeniam

273 2609 583 2659 defenderet:
617 2609 803 2657 Suriam
829 2610 1082 2672 ingruente
1104 2609 1359 2672 Vologese
1387 2611 1577 2658 acriore
1606 2609 1652 2656 in
1674 2607 1949 2656 discrimine

273 2695 401 2729 esse.
433 2687 572 2743 atque
596 2679 782 2726 interim
803 2679 1016 2743 reliquas
1037 2679 1263 2742 legiones
1285 2692 1373 2743 pro
1396 2679 1499 2743 ripa
1520 2676 1778 2742 Euphratis
1801 2675 1948 2739 locat,

271 2749 618 2799 tumultuariam
648 2749 1016 2811 provincialium
1041 2764 1225 2797 manum
1255 2756 1430 2809 armat,
1459 2747 1660 2796 hostiles
1695 2747 1949 2809 ingressus

274 2819 530 2883 praesidiis
547 2818 805 2881 intercipit.
832 2825 879 2866 et
895 2820 1003 2882 quia
1022 2834 1179 2882 egena
1205 2834 1431 2882 aquarum
1451 2818 1589 2879 regio
1620 2823 1712 2877 est,
1746 2814 1945 2863 castella

218 2888 487 2937 insontibus
514 2887 746 2950 inposita:
780 2887 1011 2950 quosdam
1038 2891 1169 2936 rivos
1199 2895 1433 2949 congestu
1460 2885 1667 2934 harenae
1696 2884 1891 2933 abdidit.
