1950 3210
541 187 998 227 COMMENTARIUS
1041 185 1321 225 CRITICUS.
1672 188 1789 226 XLV

221 317 318 377 37,
355 326 378 367 1
413 320 564 380 primo
591 320 640 365 N
677 314 684 384 Ι
726 325 753 367 2
789 323 1032 379 postquam
1069 319 1264 379 propius
1301 332 1584 377 suggressus
1620 320 1788 377 hostis,

76 402 164 436 em.
186 390 254 439 D,-
279 403 384 449 p.p.
408 390 680 448 suggressis
705 390 917 436 hostilius
937 388 977 434 L
1009 383 1016 452 Ι
1050 396 1075 437 5
1097 389 1322 447 effugium
1356 383 1361 452 Ι
1395 393 1420 438 7
1445 389 1525 435 teli
1558 382 1565 452 Ι
1597 394 1626 438 8
1645 403 1789 436 auxe-

80 465 187 505 runt
209 458 429 505 Fro’hlich
461 454 467 522 Ι
503 465 557 509 16
583 460 686 519 ipse
712 460 931 518 Ruperti.-
968 459 1118 519 ipsum

223 523 319 586 38,
364 534 392 578 9
427 529 651 583 destinat;
679 535 788 588 post
818 529 1051 575 destinant
1076 529 1125 574 N
1149 530 1328 588 siynum
1366 530 1564 573 lacunae
1592 531 1746 587 posuit
1780 525 1787 592 Ι

82 605 138 647 10
162 598 413 656 inclinant,
443 611 529 644 em.
551 599 592 644 Α
641 594 648 662 Ι
692 606 742 647 11
768 604 815 645 et
841 599 1020 646 suetior
1073 592 1080 662 Ι
1133 603 1188 646 14
1226 599 1271 643 in
1308 599 1452 656 urbe,
1480 610 1566 643 em.
1598 598 1644 644 R
1687 593 1694 662 Ι
1737 605 1791 647 15

81 668 466 727 proeliorumss:
505 669 691 727 proelio
725 662 731 733 Ι
767 674 822 718 16
850 669 908 714 ad
934 669 1255 715 fortunamrE:
1292 669 1350 715 ad
1386 668 1618 714 fortunam
1641 669 1791 728 ipsius

222 733 321 795 39,
357 742 386 786 8
415 738 689 784 libertorum
723 739 768 783 B
809 735 819 803 Ι
860 743 915 786 12
952 739 1075 797 quod
1115 738 1255 797 paulo
1298 743 1406 797 post
1446 738 1512 797 N,
1550 743 1794 798 postquam

83 804 207 867 (sine
227 804 376 867 quod)
399 807 464 865 G,
491 809 590 866 ipse
607 810 785 853 malim.-
806 809 930 867 quod
948 809 1145 867 posthac
1167 803 1263 867 (vel
1279 803 1471 868 postea)
1503 802 1510 871 Ι
1544 808 1794 868 remigum-

83 890 172 935 que
199 877 246 921 in
272 876 345 922 his
368 873 588 923 amiserat

213 944 308 1003 40,
345 951 375 994 4
411 947 454 992 ei
482 946 552 992 R.-
590 952 638 992 et
677 941 684 1011 Ι
728 952 757 996 8
782 953 1023 1007 promptu,
1055 947 1170 1006 fort.
1196 959 1258 992 ex
1281 952 1492 1006 prompta
1537 941 1543 1010 Ι
1585 953 1612 996 9
1638 947 1792 994 clarus

83 1020 184 1063 erat
210 1029 361 1074 neque
390 1016 442 1061 N
486 1011 493 1080 Ι
546 1024 597 1064 11
637 1017 816 1063 tabulas
858 1017 1018 1063 ascitis
1060 1016 1315 1076 Kiesslin9:
1351 1018 1533 1063 tabulas
1568 1017 1628 1062 iis
1679 1011 1686 1080 Ι
1738 1023 1794 1066 13

82 1085 320 1131 damnatur
944 1124 946 1126 .

222 1153 283 1199 41
305 1190 318 1213 ,
357 1161 384 1205 6
409 1156 624 1202 elusuros
650 1156 695 1203 D
729 1151 734 1220 Ι
768 1162 797 1206 8
820 1161 1090 1202 tenerentur
1124 1150 1130 1220 Ι
1164 1156 1206 1202 si
1231 1168 1338 1214 sup.
1363 1157 1440 1200 lin.
1466 1158 1568 1202 ead.
1595 1170 1735 1201 manu

225 1220 319 1281 42,
357 1231 386 1274 3
414 1225 634 1272 incensus
670 1225 735 1271 P.-
773 1226 983 1272 infensus
1029 1220 1035 1289 Ι
1081 1231 1107 1276 7
1135 1226 1360 1272 obsessus
1397 1227 1505 1272 add.
1532 1227 1629 1272 Fra
1649 1226 1793 1272 Jacob

84 1290 368 1353 (senatuque
389 1295 435 1340 in
461 1295 566 1354 ipso
595 1302 727 1342 erant
751 1293 815 1356 L)
849 1289 855 1358 Ι
889 1301 916 1345 9
943 1296 1224 1342 multandum
1788 1353 1793 1361 Ι

222 1360 317 1422 43,
342 1370 368 1412 5
388 1364 436 1409 in
454 1379 540 1426 om.
572 1359 581 1429 Ι
614 1372 671 1415 10
682 1366 810 1411 uenit
841 1360 847 1429 Ι
883 1371 938 1414 13
959 1371 1005 1412 at
1026 1400 1036 1410 .
1054 1400 1064 1410 .
1089 1365 1310 1412 defendet
1328 1366 1424 1411 Pu.-
1445 1371 1524 1411 ut.
1543 1400 1553 1411 .
1577 1366 1796 1412 defendat

83 1425 92 1496 Ι
120 1437 176 1480 14
202 1434 275 1478 cui
301 1434 570 1493 praefectus
598 1435 727 1481 urbis
756 1448 847 1480 non
878 1435 1079 1495 profuit,
1106 1448 1191 1481 em.
1218 1434 1292 1480 Pu
1323 1430 1333 1500 Ι
1364 1441 1420 1485 16
1441 1436 1587 1494 ferat,
1614 1449 1700 1482 em.
1719 1436 1795 1481 Pu

222 1500 318 1560 44,
353 1510 381 1553 3
420 1504 616 1550 animum
653 1504 959 1564 insumpsisse
1010 1500 1017 1569 Ι
1070 1512 1096 1554 5
1123 1505 1259 1552 occul
1297 1523 1328 1550 ³ae
1367 1505 1462 1563 uit,
1498 1511 1543 1552 ta
1569 1508 1616 1569 in
1647 1508 1794 1565 spatio

82 1585 223 1619 vacuo
253 1573 359 1618 add.
391 1586 558 1619 manus
583 1577 811 1620 recentior
1396 1591 1399 1594 ’

221 1640 318 1700 45,
355 1647 384 1692 8
415 1644 690 1702 cingemus,
719 1657 805 1690 em.
834 1644 879 1690 R
912 1638 920 1708 Ι
956 1651 1009 1693 11
1036 1644 1391 1704 incenderetur,
1421 1658 1508 1691 em.
1537 1645 1581 1691 R
1647 1662 1649 1664 ¹

221 1709 318 1770 46,
357 1719 385 1762 3
409 1714 516 1772 quia
550 1708 557 1775 Ι
589 1715 920 1774 proconsulem
944 1714 1045 1759 edd.

224 1779 320 1839 47,
357 1787 385 1832 6
409 1783 723 1843 potissimum:
751 1789 860 1842 post
881 1783 1009 1829 illum
1034 1784 1085 1830 N
1109 1779 1117 1848 Ι
1152 1786 1386 1832 addiderit
1410 1785 1483 1831 Pu
1731 1844 1733 1846 ι

223 1845 321 1908 48,
352 1856 379 1901 7
410 1853 701 1899 credebatur.
735 1867 881 1911 quae,
907 1866 990 1899 em.
1012 1854 1053 1898 Α
1084 1848 1091 1918 Ι
1124 1860 1153 1904 8
1175 1855 1420 1914 quaesiuit.
1445 1855 1793 1914 condemnatuS,

83 1935 169 1967 em.
197 1920 264 1972 Α,·
295 1921 412 1966 idem
449 1924 582 1966 etiam
607 1924 880 1980 proposuit:
919 1924 1177 1982 quaesitam
1202 1929 1253 1969 ut
1276 1921 1374 1985 (vel
1399 1925 1553 1983 gloria
1583 1925 1794 1983 quaesita

83 1988 158 2052 ut)
190 1989 322 2035 cond.
367 1985 374 2053 Ι
415 1996 442 2039 9
480 1992 705 2036 eximeret
741 1988 816 2051 (ut
843 1993 1195 2039 condemnatum
1223 2030 1233 2040 .
1255 2029 1266 2039 .
1295 1995 1523 2040 eximeret
1554 1991 1644 2055 Ri)
1687 1989 1694 2059 Ι
1737 2000 1795 2043 20

83 2059 309 2106 traxisset
331 2060 431 2105 Pu.-
465 2061 714 2106 transisset
746 2055 751 2124 Ι
787 2061 1028 2120 miserior,
1057 2076 1144 2108 em.
1169 2063 1209 2108 L
1241 2057 1247 2127 Ι
1282 2069 1336 2113 21
1365 2064 1552 2123 publice
1576 2064 1621 2109 D

224 2126 320 2188 49,
358 2136 386 2179 3
412 2130 624 2189 exeptis,
664 2143 749 2175 em.
778 2130 843 2180 P,-
879 2133 1104 2191 exemptis
1141 2134 1202 2179 al.

223 2195 320 2257 50,
356 2207 380 2249 1
407 2203 611 2257 uegento
638 2205 723 2248 616
748 2205 1040 2259 uegentone,
1071 2215 1155 2247 em.
1176 2202 1251 2248 Pu
1283 2196 1290 2264 Ι
1323 2201 1554 2249 43Γυ11ἰυ5
1576 2201 1791 2249 Geminus

84 2267 313 2328 Boryhesi
328 2269 447 2314 Arm.
470 2270 570 2314 dell'
597 2271 668 2314 isc.
694 2270 894 2315 archeol.
918 2269 1050 2328 XXI,
1076 2277 1132 2321 63
1165 2268 1171 2336 Ι
1205 2278 1230 2320 5
1264 2272 1439 2318 neronfi

225 2335 320 2398 51,
359 2345 386 2388 3
416 2353 472 2385 an
505 2339 573 2384 R.-
613 2344 691 2385 aut
723 2338 730 2399 Ι
765 2340 889 2398 quod
915 2340 1058 2386 dense
1088 2347 1278 2388 tumesc.
1305 2342 1405 2399 Bz,
1433 2345 1482 2386 at
1504 2339 1568 2401 cf.
1591 2341 1698 2390 Son.
1721 2356 1792 2402 ep.

85 2412 166 2464 95,
194 2412 250 2456 16
281 2403 288 2472 Ι
321 2414 349 2457 8
377 2409 695 2468 aduersatum,
722 2422 807 2457 em.
823 2410 897 2455 Pu
972 2417 1023 2460 11
1044 2411 1219 2470 flagitia
1244 2412 1302 2458 0.·
1330 2410 1507 2470 flagitia
1530 2446 1541 2456 .
1563 2413 1791 2460 adulteria

88 2467 96 2538 Ι
129 2480 184 2524 14
211 2477 419 2524 ofonium
443 2478 720 2537 ugulinum,
745 2492 829 2525 em.
856 2480 896 2524 L
971 2486 1024 2529 15
1053 2482 1265 2540 cognatis

226 2542 323 2605 52,
361 2554 388 2597 9
416 2547 679 2607 euenisset,
703 2561 787 2595 em.
809 2548 849 2594 L
880 2542 888 2614 Ι
921 2546 1015 2608 53,
1045 2557 1074 2600 8
1103 2566 1160 2597 ne
1188 2565 1317 2597 meae
1352 2544 1359 2616 Ι
1392 2552 1565 2597 abavus
1592 2551 1655 2595 L.-
1693 2556 1791 2598 ata-

87 2626 171 2661 uus
204 2610 212 2679 Ι
244 2622 302 2666 13
329 2617 669 2663 munificentiae
692 2623 798 2665 tuae
824 2620 888 2665 al.
923 2613 930 2681 Ι
966 2626 1019 2669 19
1037 2621 1177 2679 longa
1205 2635 1316 2666 cura

227 2682 320 2744 54,
361 2693 385 2735 1
415 2692 461 2731 tu
489 2700 576 2732 om.
621 2680 628 2751 Ι
670 2693 699 2736 3
723 2693 864 2746 agent
901 2687 974 2749 (in
1002 2689 1222 2736 invidiam
1258 2695 1399 2747 agent
1422 2690 1495 2734 Bz
1526 2691 1625 2737 coll.
1649 2689 1714 2735 Η.
1746 2696 1791 2749 1,

88 2757 157 2800 11.
179 2759 261 2808 833
296 2760 352 2813 2,
379 2761 459 2809 38;
497 2754 603 2802 Sen.
632 2757 687 2802 de
712 2759 786 2802 ira
812 2763 868 2816 2,
897 2763 952 2806 12
985 2752 992 2822 Ι
1025 2764 1053 2806 4
1078 2760 1232 2804 iacent
1259 2760 1343 2805 sed
1370 2759 1791 2817 mihiincumbunt,

87 2833 171 2868 em.
199 2824 238 2869 L
269 2818 276 2888 Ι
308 2830 337 2874 8
359 2825 523 2871 iuuere
554 2831 912 2886 procuratores,
939 2841 1021 2873 em.
1044 2828 1130 2878 Ri;
1153 2829 1261 2874 iube
1286 2843 1382 2874 rem
1407 2842 1491 2888 per
1517 2843 1647 2889 proc.
1675 2830 1788 2875 Bai·

87 2894 179 2949 ier,
207 2894 315 2941 iube
344 2909 424 2942 eas
455 2909 541 2955 per
564 2910 694 2956 proc.
725 2897 812 2954 aL,
841 2897 949 2943 iube
974 2903 1305 2958 procuratores
1332 2903 1434 2945 tuos
1467 2899 1789 2946 administrare
