1950 3210
549 216 1000 256 COMMENTARIUS
1038 216 1315 254 CRITICUS.
1724 215 1787 256 LI

93 351 394 410 sequentibus
411 350 537 407 vulqo
553 383 563 403 ‚
589 361 764 393 comma
784 347 1050 405 interposuit
1066 346 1278 405 Spenyel,
1303 360 1406 400 cum
1425 362 1492 394 vv.
1513 349 1572 393 de
1592 361 1784 408 conseq.

92 420 150 464 ab
176 420 375 478 arreptis
411 433 536 477 susp.
560 417 810 475 pendeant.
844 411 853 478 Ι
887 421 942 465 18
967 421 1016 460 ut
1050 417 1170 461 enim
1201 409 1209 480 Ι
1243 420 1296 464 21
1324 408 1557 462 audierint
1578 418 1635 462 H

234 485 329 546 55,
367 494 394 536 5
428 493 506 533 aut
537 487 642 532 add.
681 487 843 532 Wurm
884 478 892 549 Ι
935 490 991 533 14
1015 487 1250 531 hamenam
1293 479 1302 547 Ι
1353 490 1406 534 17
1443 487 1574 532 cuius
1610 501 1718 534 sese
1743 486 1785 534 A

93 556 203 618 (sed
226 558 301 603 ille
324 554 425 618 se):
464 556 664 602 Iussisse

231 623 327 684 56,
364 631 419 673 12
442 625 862 684 quintilienusque‚
893 636 978 668 em.
1007 624 1047 668 L
1078 620 1086 688 Ι
1118 629 1174 673 14
1201 625 1398 680 atillam,
1426 636 1511 668 em.
1531 624 1605 670 Pu
1628 637 1690 670 ex
1711 629 1783 683 15,

91 701 145 746 71
175 690 185 760 Ι
219 695 516 755 quintilianus
534 727 548 750 ,
573 695 677 738 item
701 706 743 737 c.
771 698 853 750 57,
885 700 938 741 15
970 687 978 754 Ι
1011 699 1065 741 15
1090 693 1370 752 praecipuae

229 762 322 821 57,
355 769 382 811 2
416 762 652 823 apichari,
682 775 764 807 em.
789 762 882 806 Hm
894 781 911 813 ,·
956 758 1229 821 (Epicharin
1257 759 1412 821 vulyo)
1454 758 1462 824 Ι
1507 768 1564 812 13
1596 763 1783 809 intactis

90 833 328 880 tormentis
356 828 594 879 carissima

230 899 324 960 58,
360 909 386 951 5
419 902 527 947 hinc
563 906 610 945 et
637 901 745 946 inde
779 900 933 946 vincta
977 901 1139 946 Wurm
1172 901 1414 946 admodum
1439 901 1737 959 probabiliter
1774 895 1781 954 Ι

88 977 116 1021 7
143 986 234 1018 non
271 976 454 1018 secreta
490 975 662 1017 tantum
697 970 792 1015 Hm
821 967 914 1030 (cf.
943 982 983 1014 c.
1016 974 1082 1015 55
1115 982 1154 1015 s.
1181 966 1248 1030 f.)
1269 990 1281 1013 .·
1320 971 1506 1017 latatum
1542 968 1782 1030 (laetatum

90 1043 149 1089 al.
166 1077 177 1097 ,
211 1055 299 1101 quo
334 1046 515 1099 recepto
547 1051 741 1098 sequens
770 1039 855 1084 sed
882 1040 962 1083 alii
991 1040 1040 1083 in
1071 1052 1203 1096 esse,
1238 1041 1320 1084 alii
1339 1042 1386 1084 in
1414 1045 1461 1085 et
1484 1043 1784 1098 mutaverunt,

89 1112 169 1155 alii
199 1106 503 1170 abiecerunt.)
572 1108 679 1155 Voc.
714 1113 886 1154 tantum
921 1109 968 1152 in
1008 1109 1198 1155 latatum
1230 1109 1372 1154 latere
1405 1111 1590 1167 primus
1624 1109 1786 1154 Haase

88 1181 332 1235 intellexit,
379 1180 463 1225 sed
497 1179 702 1236 displicet
731 1178 874 1236 ipsius
906 1178 1263 1235 supplementum
1280 1198 1293 1222 .-
1328 1191 1420 1223 non
1459 1179 1637 1224 celatus
1681 1183 1782 1223 tan-

91 1254 181 1294 tum
214 1247 222 1309 Ι
257 1256 308 1297 ll
341 1248 599 1294 nominatus
627 1248 740 1303 sed,
771 1259 852 1292 em.
880 1246 921 1291 Α
1139 1293 1142 1296 ,

231 1314 325 1375 59,
362 1324 390 1367 9
428 1316 719 1375 expediendo
743 1316 798 1360 Η
830 1309 839 1380 Ι
879 1322 932 1364 11
963 1316 1144 1374 sperari
1175 1317 1235 1359 al.
1269 1310 1278 1379 Ι
1319 1321 1374 1364 12
1402 1317 1646 1362 uincerent
1677 1311 1686 1380 Ι
1728 1322 1785 1367 19
1852 1339 1855 1341 -

90 1402 206 1445 quos
232 1388 303 1432 B.-
342 1387 444 1445 quis
478 1380 486 1450 Ι
518 1391 576 1433 20
599 1390 825 1442 tamquam
850 1384 894 1429 R
927 1378 935 1448 Ι
966 1389 1024 1438 24
1042 1385 1224 1430 mulieri
1249 1387 1291 1430 A

229 1453 325 1513 60,
372 1462 400 1505 3
442 1457 614 1511 breve,
662 1455 822 1498 mortis
857 1454 1085 1512 distinqait
1115 1454 1160 1499 D
1206 1447 1224 1516 Ι
1263 1460 1317 1501 15
1360 1454 1532 1500 Gavius
1570 1454 1784 1500 Belclcer=

89 1525 279 1584 grauius
322 1518 333 1589 Ι
377 1521 471 1581 61,
510 1530 565 1573 13
591 1524 786 1568 reditum
812 1537 837 1568 a
863 1524 1048 1568 tribuno
1074 1522 1174 1568 cod.
1201 1523 1311 1580 Ayr.
1327 1542 1344 1573 ,·
1377 1525 1476 1581 ipse
1501 1525 1679 1568 malim.-
1707 1539 1784 1570 re-

91 1595 216 1640 disse
244 1595 473 1640 tribunum
1430 1622 1434 1625 »

229 1659 324 1721 62,
361 1668 389 1710 4
414 1663 617 1708 habebat
642 1662 704 1706 al.
748 1655 756 1724 Ι
797 1668 823 1710 5
849 1662 1045 1707 fructum
1067 1661 1186 1706 Hm.-
1222 1666 1312 1705 tam
1339 1658 1590 1721 (bonarum
1619 1661 1784 1707 artium

92 1733 283 1789 famam,
321 1738 411 1777 tum
450 1731 703 1778 constantis
736 1730 809 1783 M,
848 1731 976 1776 cuius
1013 1731 1053 1776 si
1090 1743 1316 1776 memores
1363 1736 1522 1775 essent
1560 1731 1785 1777 bonarum

91 1802 282 1859 artium,
325 1802 489 1848 famam
525 1800 780 1846 constantis
816 1799 865 1844 N
894 1813 996 1845 cam
1019 1795 1116 1860 E);
1149 1801 1198 1844 in
1231 1800 1305 1845 illo
1339 1804 1429 1844 tam
1462 1800 1784 1845 substantivum

89 1872 234 1914 videri
253 1871 395 1915 latere
429 1869 746 1916 Weissenborn
774 1871 822 1913 in
850 1883 893 1913 n.
919 1883 1028 1913 ann.
1047 1868 1162 1927 phil.
1189 1873 1232 1913 et
1245 1869 1387 1927 paed.
1413 1870 1498 1914 vol.
1528 1872 1613 1922 52,
1635 1883 1685 1927 p.
1715 1873 1784 1915 44

89 1939 200 1984 bene
226 1941 410 1984 monuit.
442 1932 451 1974 1
484 1944 539 1986 10
563 1938 823 1995 fratresque
851 1938 901 1983 N
926 1932 934 1981 Ι
966 1945 1018 1986 11
1048 1934 1207 1997 quam]
1238 1942 1345 1996 post

231 2003 325 2062 63,
363 2013 390 2054 2
430 2005 722 2053 formidinem
754 2008 837 2056 al..
879 2007 1106 2053 fortunam
1129 2007 1203 2051 He
1243 2000 1251 2052 Ι
1299 2013 1328 2056 3
1361 2007 1514 2052 dolori
1551 2021 1639 2052 neu
1668 2005 1786 2068 (sive

92 2071 236 2136 neve)
263 2076 334 2121 H.-
371 2077 579 2123 dolorem
606 2073 844 2136 (dolorem
870 2080 958 2119 aet.
991 2076 1232 2134 suscipere
1262 2072 1324 2135 G)
1364 2073 1372 2131 Ι
1414 2080 1471 2122 20
1506 2076 1783 2134 supersideo

231 2142 325 2192 64.
361 2151 388 2192 2
418 2146 546 2191 iubet
577 2145 680 2189 add.
709 2144 782 2192 H,-
817 2143 995 2188 inhibet
1030 2144 1072 2188 P
1106 2138 1115 2199 ξ
1156 2149 1183 2192 6
1219 2144 1337 2190 fama
1372 2144 1670 2202 societatem,
1696 2157 1782 2190 em.

90 2215 162 2260 Pu
193 2213 201 2274 Ι
236 2221 289 2264 13
318 2216 439 2273 quod
467 2214 559 2259 anti
589 2213 776 2272 publico
809 2207 816 2245 -'
851 2218 904 2260 15
933 2213 1115 2269 frigidis
1145 2213 1233 2258 iam
1253 2213 1440 2258 artubus
1461 2214 1520 2258 al.
1555 2207 1563 2247 ¹
1599 2219 1650 2262 19
1675 2228 1784 2273 per-

0 2307 2 2311 *
92 2285 345 2343 scripserat
370 2283 443 2329 Pu

231 2349 325 2410 65,
363 2357 391 2400 4
426 2352 556 2410 quasi
586 2352 795 2397 sontibus
834 2347 992 2397 Wurm
1021 2365 1067 2395 in
1092 2351 1257 2396 Philol.
1287 2352 1374 2408 IX²
1410 2358 1517 2400 100:
1554 2351 1686 2411 quasi
1713 2351 1784 2397 in-

93 2422 213 2467 sonti
242 2426 288 2466 et
315 2422 355 2466 A
378 2426 420 2466 et
442 2421 486 2466 P
514 2427 518 2433 '
553 2425 581 2470 6
606 2420 827 2466 dedecor1
853 2421 919 2465 si.
944 2434 1027 2465 em.
1049 2420 1105 2464 Η

229 2487 324 2547 66,
362 2495 388 2536 2
430 2489 641 2535 accensis
679 2503 861 2547 quoque
896 2489 1153 2546 indicibus,
1194 2501 1276 2534 em.
1302 2489 1341 2534 L
1382 2484 1390 2547 Ι
1432 2494 1460 2539 6
1486 2489 1665 2535 faenius
1707 2483 1717 2554 Ι
1756 2494 1786 2538 8

94 2559 249 2616 equite
276 2559 352 2604 Ro.
384 2558 419 2604 0
482 2564 663 2603 enniter
687 2559 786 2608 (ter
804 2570 897 2616 per
918 2555 1091 2618 comp.)
1123 2551 1133 2602 1
1163 2564 1190 2607 9
1210 2555 1339 2604 ἰιιεειῖ

232 2625 326 2685 67,
367 2633 420 2676 16
449 2641 579 2685 quam
608 2640 752 2673 visam
788 2625 895 2672 Wr:
923 2626 1129 2685 quamuis
1159 2625 1275 2685 (qua
1308 2626 1407 2674 visa
1434 2625 1509 2687 F)

231 2693 326 2743 68.
358 2702 385 2746 9
410 2697 726 2750 atraheretur‚
752 2707 835 2739 em.
871 2696 932 2746 0,·
963 2696 1224 2742 traheretur
1251 2697 1338 2748 al.‚
1373 2710 1419 2740 ιιι
1447 2697 1636 2740 crimina
1663 2696 1780 2740 trah.

93 2763 157 2809 Ra·
191 2757 201 2827 Ι
245 2770 297 2813 16
322 2779 489 2812 recens
513 2765 551 2810 L
591 2765 598 2807 Ι
640 2760 734 2820 69,
764 2769 791 2810 2
816 2764 1038 2823 ispeciem
1064 2764 1249 2809 indiciis
1282 2758 1290 2826 Ι
1322 2770 1350 2812 3
1377 2763 1649 2809 Ceretanum
1674 2764 1778 2808 mal.

93 2832 355 2885 Reinesias,·
395 2839 444 2879 at
473 2848 512 2879 v.
552 2834 599 2880 G.
630 2832 672 2877 Ι.
713 2832 876 2877 Graec.
916 2846 1040 2877 num.
1080 2837 1193 2881 2259
1234 2827 1241 2893 Ι
1288 2839 1313 2880 5
1350 2833 1631 2891 opprimeret
1663 2832 1780 2877 Hm.-

94 2902 355 2959 opprimere
377 2902 629 2964 (consulis,
657 2915 888 2960 occupare
916 2901 1041 2947 velut
1067 2915 1105 2946 a.
1136 2902 1253 2958 eius,
1282 2903 1545 2960 opprimere
1576 2902 1664 2946 del.
1689 2901 1778 2947 iuv.

1360 2966 1438 3014 d*
