1976 3224
602 170 775 206 mssfflz
793 170 854 207 Η.
885 169 1007 207 CAP.
1029 166 1228 210 36—40.
1686 159 1754 207 57

20 339 25 350 ,
85 314 191 347 rum
220 311 428 360 urguere
455 297 744 345 modestiam.
763 303 974 358 senatuS,
1002 296 1202 344 eandem
1226 297 1319 344 vim
1346 297 1391 343 in
1416 311 1492 344 me
1517 299 1751 345 transmit-

0 358 6 363 *
29 374 33 378 ’
87 375 192 416 tere
222 381 280 415 ac
307 367 437 414 velut
461 367 770 430 perfringere
795 366 1045 427 aerarium,
1078 365 1204 429 quod
1235 367 1274 413 si
1297 365 1554 414 ambitione
1577 366 1752 414 exhau-

87 438 318 499 serimuS,
357 450 447 499 per
480 435 669 484 scelera
703 434 1021 498 supplendum
1057 436 1161 483 erit.
1216 434 1346 483 dedit
1385 434 1493 498 tibi,
1535 435 1752 499 Hortale,

88 506 225 554 divus
253 506 500 567 Augustus
530 505 805 568 pecuniam,
842 504 928 552 sed
955 519 1051 552 non
1078 504 1379 568 conpellatus
1414 519 1507 552 nec
1544 520 1601 553 ea
1639 505 1753 568 lege
1774 519 1815 551 15

86 583 137 624 ut
164 589 357 639 semper
385 573 591 622 daretur.
658 574 943 635 languescet
977 573 1157 638 alioqui
1196 573 1448 637 industria,
1485 574 1755 622 intendetur

88 643 341 706 socordia,
381 645 419 690 si
456 643 615 690 nullus
652 658 713 691 ex
756 657 813 690 se
847 650 1001 691 metus
1038 651 1115 692 aut
1145 658 1287 707 speS,
1330 640 1378 692 et
1400 645 1559 691 securi
1590 659 1755 692 omnes

86 714 244 763 aliena
269 711 481 761 subsidia
509 711 874 776 exspectabunt,
902 713 992 760 sibi
1010 713 1188 775 ignavi,
1207 713 1347 761 nobis
1372 717 1591 775 graves.'
1634 713 1757 761 haec

87 791 231 848 atque
263 781 403 844 talia,
443 796 724 845 quamquam
763 797 867 829 cum
905 781 1112 830 adsensu
1147 782 1302 831 audita
1348 782 1407 831 ab
1452 782 1535 845 iis,
1585 782 1755 845 quibus

87 853 244 901 omnia
270 851 557 916 principum,
584 851 788 899 honesta
812 858 955 914 atque
981 851 1261 914 inhonesta,
1300 851 1497 900 laudare
1533 866 1638 900 mos
1665 859 1753 915 est,
1771 864 1814 896 20

84 922 252 987 plures
278 935 368 985 per
394 921 631 969 silentium
658 927 736 969 aut
762 921 1000 969 occultum
1022 937 1229 969 murmur
1256 936 1518 984 excepere.
1585 922 1754 969 sensit-

88 1006 181 1056 que
212 990 457 1047 Tiberius;
491 998 537 1039 et
564 1006 668 1039 cum
694 990 886 1054 paulum
906 991 1205 1054 reticuisset,
1239 990 1440 1039 Hortalo
1468 1005 1521 1038 se
1552 1006 1754 1054 respon·

86 1061 216 1110 disse
236 1062 325 1109 ait:
356 1067 567 1108 ceterum
600 1061 639 1108 si
665 1059 878 1124 patribus
905 1058 1173 1123 videretur,
1209 1060 1423 1109 daturum
1449 1059 1615 1108 liberis
1653 1062 1757 1108 eius

87 1130 271 1180 ducena
297 1131 520 1178 sestertia
547 1128 775 1192 singulis,
805 1130 883 1193 qui
909 1145 1054 1178 sexus
1080 1129 1232 1178 virilis
1259 1137 1436 1178 essent.
1499 1145 1650 1192 egere
1677 1130 1755 1178 alii

87 1207 278 1264 grates:
307 1199 434 1247 siluit
458 1199 705 1261 Hortalus,
736 1213 918 1262 pavore
945 1215 1002 1248 an
1030 1201 1186 1248 avitae
1211 1199 1473 1248 nobilitatis
1509 1200 1649 1248 etiam
1686 1202 1752 1247 in·
1771 1211 1814 1242 25

85 1278 162 1318 ter
188 1268 434 1331 angustias
470 1269 690 1317 fortunae
723 1270 953 1317 retinens.
1020 1283 1177 1332 neque
1215 1270 1468 1317 miseratus
1508 1277 1581 1317 est
1624 1277 1755 1349 post-

85 1339 178 1388 hac
212 1338 450 1401 TiberiuS,
478 1338 693 1402 quamvis
720 1337 886 1387 domus
912 1338 1154 1387 Hortensii
1175 1338 1444 1403 pudendam
1467 1339 1560 1388 ad
1547 1340 1756 1409 inopiam

68 1407 69 1410 ’
88 1407 412 1457 delaberetur.

191 1478 274 1527 39.
312 1476 498 1525 Eodem
524 1492 647 1525 anno
674 1477 899 1540 mancipii
926 1478 1061 1524 unius
1089 1478 1312 1539 audacia,
1346 1479 1390 1524 ni
1426 1484 1608 1526 mature
1647 1477 1755 1526 sub-

92 1554 280 1595 ventum
305 1547 451 1609 foret,
480 1547 733 1595 discordiis
759 1547 996 1610 armisque
1020 1547 1241 1595 civilibus
1261 1561 1363 1594 rem
1385 1546 1625 1610 publicam
1645 1562 1755 1611 per-

90 1610 302 1666 culisset.
337 1616 546 1666 Postumi
566 1615 821 1696 Agrippae
841 1631 1029 1677 servuS,
1052 1618 1241 1665 nomine
1259 1615 1499 1678 ClemenS,
1517 1624 1756 1680 conperto

89 1687 182 1735 fine
210 1685 416 1749 Augusti
446 1700 655 1751 pergere
690 1687 736 1733 in
770 1685 972 1751 insulam
1007 1685 1275 1735 Planasiam
1312 1693 1359 1733 et
1394 1685 1563 1745 fraude
1598 1692 1676 1734 aut
1710 1687 1756 1733 vi

86 1762 274 1835 raptum
299 1754 568 1820 Agrippam
594 1756 724 1804 ferre
751 1755 810 1804 ad
842 1756 1084 1804 exercitus
1117 1754 1431 1805 Germanicos
1460 1771 1556 1804 non
1592 1755 1756 1803 servili
1780 1770 1823 1806 5·

88 1826 246 1874 animo
279 1826 522 1889 concepit.
577 1840 692 1874 ausa
717 1825 819 1873 eius
846 1824 1078 1888 inpedivit
1103 1825 1300 1874 tarditas
1322 1826 1573 1874 onerariae
1593 1825 1755 1879 navis;

89 1901 231 1958 atque
258 1895 445 1942 interim
473 1901 658 1957 patrata
700 1894 850 1942 caede
884 1894 945 1942 ad
980 1895 1158 1942 maiora
1199 1901 1248 1942 et
1280 1896 1436 1957 magis
1470 1895 1756 1959 praecipitia

87 1975 358 2011 'conversus
395 1963 578 2011 furatur
617 1963 806 2011 cineres
843 1970 1108 2026 vectusque
1162 1961 1338 2012 Cosam
1381 1963 1602 2012 Etruriae
1646 1978 1755 2027 pro-

90 2033 374 2081 munturium
394 2034 575 2095 ignotis
602 2032 727 2080 locis
757 2047 867 2080 sese
897 2031 1042 2095 abdit,
1067 2032 1223 2081 donec
1254 2034 1432 2080 crinem
1461 2033 1756 2095 barbamque

89 2103 413 2167 promitteret:
449 2117 555 2150 nam
595 2109 752 2150 aetate
784 2109 832 2149 et
864 2101 1018 2150 forma
1053 2101 1177 2150 haud
1205 2101 1418 2150 dissimili
1443 2103 1490 2150 in
1518 2102 1754 2150 dominum
1776 2118 1815 2149 ιο

90 2179 208 2221 erat.
258 2180 354 2220 tum
379 2186 467 2236 per
494 2171 698 2220 idoneos
729 2179 777 2220 et
797 2172 975 2219 secreti
997 2172 1100 2219 eius
1120 2172 1282 2219 socios
1302 2170 1570 2219 crebrescit
1589 2171 1757 2218 vivere

88 2241 373 2306 Agrippam,
403 2241 607 2290 occultis
633 2242 834 2321 primum
859 2240 1177 2302 sermonibuS,
1202 2248 1252 2288 ut
1277 2240 1423 2288 vetita
1443 2240 1620 2302 solent,
1646 2255 1758 2289 mox

89 2325 219 2374 vago
245 2325 437 2359 rumore
464 2311 589 2375 apud
620 2311 941 2375 inperitissimi
982 2311 1211 2374 cuiusque
1251 2317 1465 2390 promtas
1501 2325 1642 2358 aures
1680 2317 1759 2358 aut

89 2395 275 2429 rursum
303 2379 429 2445 apud
453 2380 669 2428 turbidos
691 2394 849 2443 eoque
870 2394 994 2428 nova
1017 2381 1283 2443 cupientes.
1306 2371 1471 2443 ’atque
1495 2381 1602 2444 ipse
1624 2378 1757 2427 adire

90 2451 345 2514 municipia
373 2449 582 2498 obscuro
609 2450 722 2529 diei,
748 2464 905 2512 neque
930 2449 1179 2528 propalam
1200 2449 1353 2512 aspici
1389 2463 1547 2512 neque
1583 2447 1756 2495 diutius
1776 2462 1813 2494 15

90 2518 242 2567 isdem
268 2520 409 2581 lociS,
438 2518 524 2567 sed
553 2520 661 2582 quia
687 2519 868 2566 veritas
896 2520 1000 2566 visu
1027 2526 1074 2566 et
1096 2532 1257 2580 mora,
1292 2517 1417 2566 falsa
1448 2518 1757 2565 festinatione

94 2594 143 2636 et
170 2589 366 2637 incertis
397 2588 667 2649 valescunt,
695 2587 998 2650 relinquebat
1027 2588 1199 2635 famam
1225 2594 1303 2635 aut
1330 2585 1693 2650 praeveniebat.

193 2660 278 2708 40.
323 2657 624 2720 Vulgabatur
671 2656 856 2704 interim
906 2671 994 2719 per
1038 2655 1221 2703 Italiam
1273 2663 1512 2703 servatum
1563 2668 1757 2702 munere

96 2725 234 2775 deum
278 2727 574 2791 Agrippam,
636 2723 922 2774 credebatur
962 2725 1170 2779 Romae;
1224 2724 1413 2786 iamque
1461 2723 1641 2772 Ostiam
1690 2724 1756 2771 in·

94 2804 285 2844 vectum
314 2795 561 2844 multitudo
591 2796 788 2858 ingenS,
823 2794 916 2841 iam
942 2794 989 2840 in
1021 2793 1138 2841 urbe
1166 2792 1449 2841 clandestini
1487 2800 1654 2842 coetus
1680 2807 1756 2841 ce-

93 2862 373 2929 lebrabant,
411 2879 513 2914 cum
542 2863 783 2913 Tiberium
808 2877 988 2927 anceps
1019 2877 1131 2910 cura
1159 2861 1450 2925 distrahere,
1488 2863 1599 2910 vine
1641 2862 1757 2909 mili-
