2008 3230
1752 127 1779 152 Σὲ

681 213 854 249 LIBER
875 213 910 249 1.
947 212 1072 252 CAP.
1101 212 1300 256 23—28.
1763 205 1828 252 15

152 356 295 402 ram,·
322 340 604 404 quibuscum
640 341 841 405 plurima
875 340 1007 389 bella
1046 341 1386 397 toleravisset;
1435 342 1514 390 ubi
1556 342 1757 406 primum
1799 355 1888 392 alo

151 411 280 459 luctu
307 411 584 474 requiesset
610 412 820 471 animuS,
859 418 1071 458 acturum
1109 411 1236 474 apud
1270 419 1433 475 patres
1469 411 1530 460 de
1570 413 1825 476 postulatis

152 495 342 536 eorum;
370 480 559 528 misisse
585 481 771 528 interim
798 479 960 542 filium,
994 488 1044 528 ut
1070 481 1174 528 sine
1197 482 1503 530 cunctatione
1528 482 1827 531 concederet

152 565 275 614 quae
314 550 471 598 statim
505 549 646 598 tribui
680 557 904 614 possent;
946 557 1112 598 cetera
1147 551 1333 599 senatui
1370 552 1635 614 servanda,
1682 567 1825 617 quem

150 635 310 684 neque
335 620 521 683 gratiae
552 634 712 684 neque
741 620 1014 668 severitatis
1040 627 1293 684 expertem
1320 619 1487 669 haberi
1515 636 1603 685 par
1631 629 1779 670 esset.

253 689 340 739 26.
376 688 683 753 Responsum
712 697 787 737 est
825 705 851 738 a
891 690 1144 751 contione,
1181 690 1402 739 mandata
1437 688 1676 739 Clementi
1714 707 1824 740 cen-

149 759 323 808 turioni
350 773 473 823 quae
500 760 761 823 perferret.
815 760 855 806 is
885 759 1067 807 orditur
1095 759 1155 807 de
1183 760 1414 808 missione
1451 775 1478 808 a
1503 761 1719 809 sedecim
1745 777 1823 810 an-

146 830 238 891 niS,
269 829 329 878 de
357 829 583 893 praemiis
610 829 770 877 finitae
795 829 1008 890 militiae,
1041 836 1091 877 ut
1127 829 1349 877 denarius
1393 829 1608 878 diurnum
1644 832 1823 895 stipen-

147 900 272 949 dium
298 899 442 961 foret,
469 914 530 946 ne
555 899 771 947 veterani
793 898 882 946 sub
909 899 1092 946 vexillo
1119 898 1428 947 haberentur.
1477 900 1537 948 ad
1559 914 1616 948 ea
1637 899 1824 949 Drusus

149 985 254 1019 cum
281 968 523 1017 arbitrium
549 975 743 1017 senatus
774 975 822 1016 et
841 969 992 1032 patris
1015 968 1320 1031 obtenderet,
1351 968 1565 1018 clamore
1584 965 1818 1018 turbatur,
1843 981 1861 1013 ⁵

150 1055 234 1089 cur
260 1040 476 1087 venisset
509 1053 669 1103 neque
700 1038 931 1101 augendis
969 1038 1167 1086 militum
1204 1038 1456 1102 stipendiis
1492 1054 1652 1103 neque
1690 1040 1821 1088 adle-

146 1109 316 1158 vandis
341 1108 621 1171 laboribuS,
660 1109 869 1172 denique
907 1108 1036 1156 nulla
1075 1108 1200 1157 bene
1236 1108 1444 1157 faciendi
1480 1107 1713 1157 licentia?
1775 1118 1823 1158 at

146 1178 347 1228 hercule
389 1178 598 1227 verbera
633 1185 681 1226 et
707 1193 880 1226 necem
917 1179 1101 1226 cunctis
1138 1179 1366 1241 permitti.
1423 1178 1668 1227 Tiberium
1708 1179 1822 1227 olim

147 1250 338 1298 nomine
366 1248 571 1311 Augusti
601 1247 840 1296 desideria
864 1247 1106 1311 legionum
1134 1248 1352 1296 frustrari
1374 1249 1590 1297 solitum:
1624 1249 1823 1297 easdem

148 1326 277 1367 artes
300 1317 507 1366 Drusum
533 1318 795 1366 rettulisse.
866 1333 1182 1382 numquamne
1218 1318 1308 1365 nisi
1347 1319 1405 1367 ad
1442 1333 1496 1366 se
1534 1318 1660 1366 filios
1687 1319 1879 1367 fami-10

148 1389 316 1437 liarum
341 1384 607 1436 venturos?
633 1401 807 1436 novum
834 1388 881 1436 id
907 1388 1050 1452 plane
1077 1388 1204 1451 quod
1231 1388 1494 1451 imperator
1528 1388 1635 1438 sola
1660 1389 1821 1437 militis

149 1457 398 1507 commoda
426 1458 483 1506 ad
512 1465 727 1506 senatum
755 1458 940 1506 reiciat.
997 1458 1201 1506 eundem
1238 1471 1358 1519 ergo
1396 1465 1613 1506 senatum
1650 1473 1820 1506 consu-

147 1528 356 1590 lendum,
385 1528 607 1592 quotiens
635 1526 873 1591 supplicia
899 1535 977 1575 aut
999 1527 1188 1591 proelia
1209 1527 1499 1576 indicantur:
1528 1543 1589 1575 an
1607 1529 1821 1591 praemia

149 1597 236 1646 sub
267 1597 485 1658 dominis,
519 1612 702 1661 poenas
735 1598 836 1645 sine
868 1597 1048 1645 arbitro
1081 1595 1229 1645 esse?

254 1666 335 1716 27.
368 1667 620 1715 Postremo
652 1666 881 1715 deserunt
904 1667 1142 1728 tribunal,
1179 1674 1231 1714 ut
1268 1667 1374 1730 quis
1403 1667 1820 1731 praetorianorum

147 1737 342 1798 militum
371 1737 693 1785 amicorumve
721 1734 947 1785 Caesaris
976 1743 1287 1799 occurreret,
1318 1751 1484 1786 manus
1509 1737 1818 1797 intentanteS,

149 1821 340 1855 causam
376 1806 647 1855 discordiae
684 1813 732 1855 et
765 1807 943 1854 initium
979 1821 1242 1868 armorum,
1278 1807 1483 1855 maxime
1517 1806 1691 1854 infensi
1731 1803 1816 1853 Cn.

147 1875 365 1938 Lentulo,
395 1876 523 1940 quod
549 1877 590 1923 is
619 1884 728 1924 ante
755 1875 875 1924 alios
904 1883 1063 1924 aetate
1086 1883 1135 1924 et
1163 1876 1323 1939 gloria
1346 1875 1463 1924 belli
1484 1876 1673 1924 firmare
1694 1874 1817 1924 Dru-

150 1960 250 1993 sum
278 1945 568 1993 credebatur
593 1952 640 1993 et
664 1946 747 1993 illa
774 1945 969 1994 militiae
1001 1945 1181 2008 flagitia
1209 1947 1389 2010 primus
1409 1946 1674 2010 aspernari.
1723 1960 1814 1993 nec
1835 1958 1853 1990 5

147 2014 295 2063 multo
331 2022 443 2079 post
480 2014 828 2077 digredientem
869 2029 972 2062 cum
1012 2013 1224 2063 Caesare
1269 2031 1326 2065 ac
1371 2017 1569 2079 provisu
1612 2014 1819 2078 periculi

148 2084 345 2133 hiberna
376 2092 531 2133 castra
559 2091 862 2148 repetentem
891 2084 1261 2146 circumsistunt,
1288 2086 1556 2147 rogitantes
1583 2098 1678 2148 quo
1707 2098 1816 2147 per-

147 2162 304 2217 geret,
336 2155 394 2203 ad
422 2155 761 2218 imperatorem
788 2169 846 2203 an
872 2153 930 2201 ad
958 2161 1149 2217 patreS,
1178 2162 1229 2203 ut
1252 2154 1352 2203 illic
1383 2169 1579 2218 quoque
1608 2166 1815 2201 commo-

148 2224 219 2272 dis
244 2224 486 2287 legionum
510 2224 875 2281 adversaretur;
898 2224 1035 2271 simul
1061 2225 1300 2286 ingruunt,
1324 2238 1440 2272 saxa
1461 2224 1654 2272 iaciunt.
1704 2223 1816 2270 iam-

150 2308 241 2357 que
271 2294 443 2358 lapidis
478 2296 574 2342 ictu
603 2300 828 2341 cruentus
856 2301 903 2342 et
930 2293 1060 2341 exitii
1091 2301 1252 2342 certus
1282 2293 1488 2343 adcursu
1507 2292 1815 2341 multitudinis
1835 2303 1876 2336 10

150 2378 272 2426 quae
302 2378 405 2411 cum
431 2363 590 2411 Druso
619 2363 880 2412 advenerat
909 2371 1159 2427 protectus
1189 2371 1279 2412 est.

252 2432 336 2482 28.
375 2432 578 2481 Noctem
606 2434 837 2482 minacem
865 2441 913 2481 et
944 2434 989 2480 in
1017 2434 1178 2482 scelus
1206 2441 1478 2497 erupturam
1500 2433 1602 2482 sors
1624 2433 1813 2480 lenivit:

148 2517 253 2550 nam
283 2503 390 2550 luna
420 2503 551 2551 claro
580 2511 782 2566 repente
816 2503 955 2551 caelo
981 2504 1083 2551 visa
1112 2504 1451 2566 languescere.
1499 2502 1547 2550 id
1572 2502 1711 2550 miles
1740 2516 1814 2549 ra-

147 2573 291 2620 tionis
321 2573 514 2635 ignarus
542 2585 680 2620 omen
707 2574 1031 2635 praesentium
1059 2575 1277 2636 accepit,
1311 2574 1409 2619 suis
1447 2571 1698 2619 laboribus
1732 2570 1814 2618 de-

148 2642 406 2690 fectionem
434 2640 604 2689 sideris
633 2642 939 2703 adsimulans,
967 2657 1303 2705 prospereque
1332 2656 1529 2689 cessura
1559 2655 1681 2703 quae
1703 2637 1813 2703 per-

147 2718 344 2774 gerent,
383 2711 422 2759 si
463 2710 626 2773 fulgor
660 2719 707 2759 et
739 2711 973 2759 claritudo
1005 2711 1125 2759 deae
1155 2710 1458 2759 redderetur.
1514 2710 1657 2772 igitur
1687 2709 1812 2757 aeris
1834 2720 1854 2751 5

149 2795 298 2843 sono,
325 2780 540 2828 tubarum
572 2795 898 2843 cornuumque
927 2788 1164 2828 concentu
1192 2788 1439 2843 strepere;
1477 2787 1619 2843 prout
1650 2779 1812 2843 splen-

149 2849 304 2898 didior
331 2850 676 2911 obscuriorve,
720 2850 889 2898 laetari
924 2857 1002 2898 aut
1031 2865 1276 2906 maerere;
1315 2856 1362 2897 et
1393 2856 1646 2912 postquam
1677 2856 1813 2896 ortae

149 2919 301 2967 nubes
333 2920 546 2968 offecere
573 2921 695 2968 visui
725 2919 1055 2983 creditumque
1085 2920 1322 2969 conditam
1349 2918 1593 2982 tenebris,
1633 2926 1682 2966 ut
1707 2924 1814 2966 sunt

1593 3038 1628 3078 1
