1976 3224
570 171 742 208 LIBER
767 142 885 208 x1v‘.
918 170 1040 208 CAP.
1067 169 1264 213 58—61.
1644 159 1744 210 279

190 301 272 351 60.
318 299 466 363 Igitur
510 305 713 362 accepto
756 306 938 362 patrum
983 298 1229 360 consulto,
1275 305 1524 362 postquam
1575 306 1744 347 cuncta

27 403 32 411 x
84 370 321 418 scelerum
360 383 551 417 suorum
588 382 674 431 pro
711 370 924 430 egregiis
960 369 1115 432 accipi
1150 367 1309 430 videt,
1348 367 1570 416 exturbat
1602 367 1743 416 Octa·

86 442 228 501 viam,
257 438 469 487 sterilem
498 437 742 492 dictitans;
777 442 900 485 exim
927 437 1187 501 Poppaeae
1216 438 1534 500 coniungitur.
1580 452 1636 486 ea
1665 437 1744 486 diu

86 509 261 575 paelex
290 515 337 556 et
365 507 563 556 adulteri
588 506 818 568 NeroniS,
860 522 969 555 mox
999 508 1149 554 mariti
1180 514 1380 572 potenS,
1421 506 1655 570 quendam
1684 521 1746 555 ex

86 577 313 626 ministris
340 576 567 626 Octaviae
605 577 790 640 impulit
825 576 1048 624 servilem
1076 578 1119 624 ei
1159 590 1369 624 amorem
1397 577 1611 624 obicere.
1664 576 1744 624 de·
1770 597 1788 628 5

84 649 377 711 stinaturque
413 661 524 694 reus
563 654 884 709 cognomento
924 646 1195 709 EucaeruS,
1232 647 1425 694 natione
1461 645 1744 695 Alexandri·

86 734 190 780 nuS,
224 731 398 765 canere
422 715 550 765 tibiis
573 716 757 764 doctus.
785 724 920 764 actae
947 716 1007 763 ob
1032 716 1079 764 id
1111 715 1169 764 de
1200 715 1385 764 ancillis
1420 716 1743 779 quaestioneS,

88 795 133 836 et
159 788 204 834 vi
239 793 583 834 tormentorum
615 786 753 833 vietis
794 785 1069 849 quibusdam
1096 793 1144 833 ut
1169 785 1289 834 falsa
1317 785 1603 849 adnuerem,
1642 785 1744 850 plu-

86 872 164 906 res
214 857 470 919 perstitere
519 856 814 903 sanctitatem
864 855 1080 903 dominae
1124 856 1272 911 tueri;
1335 870 1395 902 ex
1440 854 1609 918 quibus
1654 850 1745 902 ima

85 926 273 974 instanti
305 924 542 987 Tigellino
571 925 775 972 castiora
811 941 920 972 esse
951 920 1199 972 muliebria
1237 923 1463 972 Octaviae
1497 923 1745 988 respondit
1764 939 1803 971 10

86 1011 223 1060 quam
256 1009 311 1043 os
347 996 463 1042 eiuS.
519 1001 737 1042 movetur
774 1001 929 1043 tamen
966 995 1118 1058 primo
1168 994 1320 1041 civilis
1357 993 1541 1041 discidii
1578 995 1745 1058 speeie

86 1066 368 1127 domumque
395 1063 550 1126 Burri,
577 1063 774 1128 praedia
800 1064 966 1125 Plauti,
995 1064 1198 1112 infausta
1225 1063 1375 1124 dona,
1405 1064 1606 1127 accipit:
1633 1076 1746 1110 mox

86 1137 129 1182 in
159 1133 461 1196 Campaniam
489 1134 626 1197 pulsa
664 1141 737 1180 est
766 1134 920 1182 addita
945 1134 1135 1180 militari
1162 1132 1393 1181 custodia.
1449 1132 1559 1181 inde
1588 1130 1745 1180 crebri

87 1210 282 1267 questus
310 1217 402 1250 nec
425 1203 602 1251 occulti
637 1218 725 1266 per
754 1203 971 1266 vulgum,
1017 1204 1090 1250 cui
1124 1203 1278 1251 minor
1306 1202 1536 1266 sapientia
1569 1209 1616 1250 et
1648 1216 1744 1249 me-

87 1274 338 1322 diocritate
365 1272 582 1320 fortunae
611 1274 837 1335 pauciora
868 1273 1082 1336 pericula
1111 1279 1233 1320 sunt.
1290 1272 1363 1319 his
1388 1270 1537 1335 Nero,
1566 1286 1740 1335 nequa·
1763 1289 1802 1320 15

89 1357 226 1406 quam
256 1342 545 1405 paenitentia
572 1341 767 1404 flagitii,
809 1344 1064 1404 coniugem
1101 1342 1351 1390 revocavit
1377 1340 1642 1390 Octaviam.

185 1412 268 1461 61.
320 1411 456 1459 Exim
486 1411 598 1459 laeti
627 1410 914 1475 Capitolium
942 1411 1174 1460 scandunt
1208 1411 1422 1475 deosque
1450 1410 1638 1460 tandem
1666 1426 1744 1458 ve-

85 1489 324 1530 nerantur.
389 1480 578 1542 effigies
623 1480 882 1545 Poppaeae
930 1489 1185 1545 proruunt,
1231 1480 1462 1528 Octaviae
1512 1481 1744 1542 imagines

85 1557 276 1614 gestant
322 1550 524 1611 umeris,
572 1558 804 1613 spargunt
840 1550 1036 1600 floribus
1075 1551 1282 1614 foroque
1321 1565 1377 1598 ac
1415 1550 1606 1614 templis
1652 1556 1743 1597 sta-

87 1627 231 1668 tuunt.
288 1625 316 1675 †
344 1621 433 1666 itur
456 1620 592 1668 etiam
617 1621 660 1666 in
684 1622 913 1684 principis
940 1620 1106 1668 laudes
1124 1621 1378 1684 repetitum
1402 1619 1742 1668 venerantium.

87 1693 270 1752 iamque
316 1696 362 1736 et
399 1688 625 1737 Palatium
670 1689 963 1738 multitudine
1013 1697 1059 1737 et
1095 1689 1382 1738 clamoribus
1421 1687 1743 1753 complebant,
1769 1701 1788 1733 5

89 1775 191 1807 cum
221 1759 380 1805 emissi
409 1758 601 1806 militum
626 1758 761 1821 globi
795 1758 1077 1807 verberibus
1105 1766 1152 1807 et
1177 1761 1356 1807 intento
1380 1759 1511 1807 ferro
1531 1757 1746 1807 turbatos

89 1829 338 1876 disiecere.
387 1834 654 1891 mutataque
682 1843 801 1891 quae
829 1844 917 1892 per
945 1829 1225 1877 seditionem
1258 1835 1527 1890 verterant,
1552 1835 1599 1877 et
1622 1827 1746 1892 Pop·

90 1911 239 1961 paeae
263 1895 417 1943 honos
443 1899 683 1959 repositus
709 1905 795 1944 est.
847 1913 967 1961 quae
1007 1913 1199 1961 semper
1225 1898 1361 1960 odio,
1398 1905 1491 1945 tum
1533 1904 1580 1946 et
1620 1905 1765 1949 metu

85 1974 240 2027 atrox,
267 1979 326 2012 ne
354 1972 430 2012 aut
459 1965 588 2028 vulgi
615 1966 772 2013 acrior
798 1968 872 2014 vis
897 1968 1145 2029 ingrueret
1172 1974 1250 2015 aut
1279 1966 1411 2019 Nero
1439 1967 1747 2014 inclinatione

18 2036 24 2039 ’
87 2035 254 2100 populi
287 2041 570 2096 mutaretur,
616 2035 869 2099 provoluta
908 2036 1112 2098 genibus
1151 2036 1277 2099 eius,
1313 2051 1408 2084 non
1448 2050 1504 2083 eo
1543 2036 1637 2083 loci
1669 2049 1747 2083 res
1767 2050 1806 2082 10

85 2120 197 2153 suas
221 2105 298 2167 agi
327 2103 425 2165 ait,
455 2111 503 2151 ut
531 2103 589 2151 de
614 2105 911 2152 matrimonio
945 2112 1122 2167 certet,
1156 2119 1435 2169 quamquam
1462 2105 1507 2152 id
1539 2104 1628 2152 sibi
1654 2107 1748 2153 vita

85 2174 261 2239 potius,
292 2172 376 2220 sed
400 2174 540 2220 vitam
568 2174 717 2237 ipsam
745 2174 789 2220 in
818 2182 1078 2223 extremum
1110 2175 1358 2223 adductam
1385 2189 1410 2222 a
1439 2173 1674 2222 clientelis
1702 2180 1749 2221 et-

85 2244 295 2292 servitiis
332 2241 586 2305 Octaviae,
634 2256 756 2305 quae
785 2243 943 2307 plebis
979 2244 1068 2291 sibi
1097 2259 1268 2293 nomen
1309 2243 1589 2305 indiderint,
1620 2243 1748 2291 eain

87 2328 206 2378 pace
240 2311 341 2359 ausi
369 2325 491 2374 quae
517 2312 598 2359 vix
633 2310 763 2360 bello
792 2314 1056 2361 evenirent.
1107 2329 1234 2362 arma
1267 2313 1346 2361 illa
1368 2313 1599 2361 adversus
1621 2313 1745 2376 prin-

87 2383 243 2445 cipem
282 2388 490 2443 sumpta;
530 2380 695 2430 ducem
726 2388 902 2430 tantum
942 2382 1178 2445 defuisse,
1216 2385 1293 2447 qui
1326 2385 1467 2431 motis
1502 2381 1647 2429 rebus
1679 2381 1745 2429 fa·
1767 2394 1805 2426 15

87 2451 179 2499 cile
222 2451 545 2513 reperiretur,
590 2452 829 2499 omitteret
872 2451 1015 2501 modo
1057 2451 1360 2516 Campaniam
1406 2459 1451 2499 et
1495 2453 1540 2499 in
1582 2450 1747 2497 urbem

87 2521 189 2583 ipsa
227 2525 485 2583 pergeret,
523 2519 580 2567 ad
621 2521 751 2568 cuius
789 2527 946 2569 nutum
986 2521 1195 2569 absentis
1235 2521 1454 2568 tumultus
1495 2522 1746 2568 cierentur.

31 2630 36 2632 .
87 2589 215 2652 quod
244 2588 453 2650 alioquin
485 2602 615 2636 suum
637 2588 895 2638 delictum?
943 2606 1079 2654 quam
1104 2592 1374 2652 cuiusquam
1399 2586 1747 2637 offensionem?

88 2673 144 2706 an
200 2659 306 2722 quia
350 2672 510 2704 veram
551 2660 830 2721 progeniem
882 2659 1133 2722 penatibus
1176 2658 1433 2706 Caesarum
1469 2658 1631 2705 datura
1671 2658 1745 2718 sit,

87 2727 227 2775 malle
267 2726 492 2791 populum
529 2726 790 2775 Romanum
834 2727 1039 2775 tibicinis
1077 2728 1302 2791 Aegyptii
1343 2725 1560 2774 subolem
1597 2727 1743 2790 impe·
1763 2737 1807 2769 20

88 2796 267 2843 rator-io
297 2796 489 2857 fastigio
520 2793 710 2843 induci?
757 2795 977 2860 denique,
1006 2798 1044 2844 si
1074 2797 1115 2844 id
1143 2797 1285 2844 rebus
1313 2795 1563 2858 conducat,
1593 2794 1748 2843 libens

89 2877 227 2926 quam
279 2872 475 2912 coactus
522 2866 703 2912 acciret
750 2865 1010 2927 dominam,
1070 2866 1146 2913 vel
1192 2865 1466 2912 consuleret
1510 2865 1750 2913 securitati
