1976 3224
608 226 784 263 LIBER
818 226 881 263 11.
919 225 1043 263 CAP.
1080 223 1300 267 26—32.
1733 221 1796 271 53

125 355 262 404 fores
300 355 459 404 curiae
498 355 776 419 innisusque
811 354 944 402 fratri
982 361 1030 401 et
1067 368 1230 402 manus
1270 370 1327 403 ac
1363 358 1610 421 supplices
1649 376 1801 411 voces

127 425 185 474 ad
211 424 455 474 Tiberium
475 424 677 473 tendens
707 425 899 472 immoto
926 424 1029 471 eius
1058 423 1190 471 vultu
1218 425 1471 489 excipitur.
1525 443 1637 477 mox
1663 430 1799 480 libel-

123 494 201 543 los
240 502 289 542 et
325 501 551 543 auctores
586 495 756 542 recitat
782 491 962 542 Caesar
997 494 1060 541 ita
1085 492 1364 557 moderanS,
1403 512 1464 544 ne
1495 497 1647 547 lenire
1675 516 1798 549 neve

126 579 358 629 asperare
388 564 583 612 crimina
610 563 868 612 videretur.

226 634 309 684 30.
346 633 677 682 Accesserant
710 640 904 698 praeter
936 632 1160 681 Trionem
1195 640 1241 681 et
1283 631 1448 683 Catum
1487 646 1799 698 accusatores

122 703 353 754 Fonteius
386 702 611 768 Agrippa
652 711 700 752 et
740 702 792 751 C.
829 701 1022 766 Vibius,
1061 703 1404 768 certabantque
1446 706 1520 754 cui
1555 709 1627 756 ius
1656 724 1799 772 pero-

121 773 257 824 randi
291 773 339 822 in
377 788 512 822 reum
537 773 755 837 daretur,
793 773 949 821 donec
970 772 1166 835 Vibius,
1212 774 1321 837 quia
1348 789 1440 823 nec
1465 777 1559 840 ipsi
1596 779 1718 827 inter
1746 795 1798 828 se

125 843 451 894 concederent
485 850 533 891 et
573 842 691 891 Libo
730 844 833 890 sine
877 850 1079 907 patrono
1113 844 1391 906 introisset,
1431 846 1708 909 singillatim
1743 864 1797 897 se

124 914 320 964 crimina
370 913 667 962 obiecturum
712 913 994 977 professuS,
1042 913 1239 977 protulit
1288 912 1484 962 libellos
1529 917 1840 966 vaecordeS5

123 984 272 1047 adeo,
322 991 372 1032 ut
403 983 762 1033 consultaverit
791 982 939 1045 Lib0,
987 997 1045 1031 an
1079 982 1325 1031 habiturus
1371 984 1500 1033 foret
1538 1000 1659 1050 opes
1694 989 1798 1051 quis

122 1056 248 1103 viam
281 1053 491 1119 Appiam
533 1053 834 1102 Brundisium
867 1067 1020 1116 usque
1060 1055 1264 1117 pecunia
1301 1055 1531 1118 operiret.
1613 1058 1800 1106 inerant

124 1132 172 1174 et
197 1125 288 1174 alia
313 1123 511 1174 huiusce
537 1122 664 1172 modi
690 1122 864 1171 stolida
890 1137 1037 1183 vana,
1066 1124 1106 1170 si
1132 1123 1322 1171 mollius
1351 1125 1631 1189 acciperes,
1658 1128 1797 1174 mise·

121 1194 286 1244 randa.
352 1195 432 1242 uni
464 1201 622 1243 tamen
648 1193 817 1241 libello
847 1208 986 1241 manu
1016 1191 1212 1241 Libonis
1241 1193 1508 1242 nominibus
1539 1193 1798 1244 Caesarum

123 1272 202 1314 aut
237 1270 513 1313 senatorum
552 1262 734 1312 additas
771 1270 964 1311 atroces
997 1262 1076 1310 vel
1112 1262 1330 1312 occultas
1372 1271 1512 1312 notas
1542 1273 1855 1315 accusatorm

124 1333 374 1397 arguebat.
423 1340 631 1396 negante
657 1347 743 1381 reo
771 1331 1126 1395 adgnoscentes
1152 1347 1325 1381 servos
1353 1348 1442 1397 per
1468 1340 1703 1384 tormenta
1730 1336 1798 1383 in-

125 1404 364 1467 terrogari
404 1404 596 1467 placuit.
658 1410 706 1451 et
738 1402 846 1468 quia
884 1409 1053 1452 vetere
1089 1409 1282 1451 senatus
1318 1403 1539 1452 consulto
1581 1405 1797 1468 quaestio

46 1472 52 1481 “
122 1475 171 1522 in
196 1481 340 1538 caput
366 1473 539 1522 domini
564 1471 940 1537 prohibebatur,
981 1471 1182 1521 callidus
1208 1479 1256 1521 et
1280 1473 1393 1521 novi
1420 1474 1535 1521 iuris
1573 1482 1799 1538 repertor

122 1544 344 1593 Tiberius
379 1543 647 1608 mancipariv
675 1541 893 1605 singulos
928 1542 1080 1590 actori
1106 1540 1302 1606 publico
1331 1542 1488 1605 iubet,
1527 1543 1713 1592 scilicet
1748 1551 1799 1592 ut

121 1614 170 1662 in
204 1613 433 1663 Libonem
480 1628 542 1661 ex
593 1613 747 1661 servis
791 1611 926 1660 salvo
969 1619 1162 1660 senatus
1201 1612 1420 1666 consulto
1459 1620 1786 1677 quaereretur.
1814 1628 1854 1661 15

125 1683 187 1733 ob
233 1699 356 1749 quae
401 1690 649 1748 posterum
697 1682 821 1730 diem
866 1697 978 1730 reus
1022 1683 1189 1745 petivit
1226 1681 1512 1746 domumque
1548 1682 1796 1746 digressus

124 1761 363 1803 extremas
410 1768 586 1818 preces
631 1751 683 1801 P.
722 1752 939 1813 Quirinio
987 1752 1261 1817 propinquo
1301 1766 1388 1801 suo
1429 1752 1487 1800 ad
1528 1753 1796 1817 principem

123 1823 378 1873 mandavit.

230 1893 313 1942 31.
349 1893 654 1957 Responsum
691 1899 764 1940 est
798 1898 846 1939 ut
880 1898 1094 1939 senatum
1133 1899 1348 1954 rogaret.
1418 1891 1698 1954 cingebatur
1729 1893 1795 1941 in-

124 1964 263 2011 terim
291 1961 439 2010 milite
468 1961 657 2024 domus,
687 1961 967 2024 strepebant
998 1968 1044 2008 et
1070 1962 1162 2010 iam
1181 1962 1228 2008 in
1248 1960 1527 2029 vestibulo,
1553 1969 1603 2010 ut
1629 1961 1796 2024 audiri,

125 2040 174 2081 ut
209 2033 361 2097 aspici
405 2038 634 2096 possent,
676 2045 780 2079 cum
806 2030 922 2079 Libo
962 2031 1083 2094 ipsis
1112 2045 1230 2094 quas
1256 2031 1301 2077 in
1328 2031 1636 2086 novissimam
1660 2031 1796 2079 volu-

125 2110 306 2167 ptatem
355 2100 634 2151 adhibuerat
677 2100 833 2164 epulis
874 2101 1178 2148 excruciatus
1211 2114 1390 2148 vocare
1438 2114 1795 2163 percussorem,

125 2187 358 2237 prensare
399 2186 648 2220 servorum
683 2169 904 2231 dextraS,
951 2171 1167 2218 inserere
1203 2168 1427 2232 gladium.
1502 2175 1645 2233 atque
1682 2169 1795 2231 illis,
1817 2177 1836 2208 ⁵

125 2241 234 2290 dum
284 2241 549 2306 trepidant,
600 2240 709 2288 dum
750 2240 1019 2303 refugiunt,
1070 2239 1397 2288 evertentibus
1431 2237 1700 2303 adpositum
1744 2239 1798 2287 in

124 2327 290 2361 mensa
323 2311 505 2374 lumen,
557 2309 787 2366 feralibus
823 2311 916 2358 iam
949 2308 1039 2357 sibi
1077 2307 1289 2357 tenebris
1327 2308 1447 2356 duos
1476 2310 1600 2357 ictus
1634 2309 1682 2356 in
1728 2310 1795 2356 vi-

127 2397 268 2430 scera
302 2381 506 2430 derexit.
567 2380 625 2432 ad
660 2380 887 2443 gemitum
919 2378 1216 2427 conlabentis
1240 2378 1496 2427 adcurrere
1523 2377 1711 2440 liberti,
1749 2385 1797 2425 et

129 2451 280 2500 caede
304 2452 409 2499 visa
434 2450 571 2499 miles
599 2449 796 2499 abstitit.
858 2450 1101 2498 accusatio
1127 2456 1282 2497 tamen
1306 2447 1431 2512 apud
1461 2454 1624 2511 patres
1657 2446 1793 2494 adse·

126 2522 375 2570 veratione
402 2519 569 2569 eadem
598 2527 792 2584 peracta
807 2556 820 2580 ‚
849 2520 1114 2583 iuravitque
1135 2518 1356 2567 Tiberius
1377 2519 1631 2582 petiturum
1653 2530 1705 2563 se
1726 2515 1792 2564 vi·
1812 2530 1853 2563 ιο

126 2598 221 2640 tam
245 2591 460 2654 quamvis
483 2590 706 2651 nocenti,
743 2589 835 2636 nisi
851 2588 1167 2636 voluntariam
1188 2595 1389 2636 mortem
1411 2586 1793 2650 properavisset.

230 2660 311 2710 32.
339 2659 621 2708 Bonainter
646 2665 956 2707 accusatores
983 2656 1277 2719 dividuntur,
1307 2663 1353 2703 et
1379 2662 1634 2719 praeturae
1663 2661 1798 2703 extra

130 2729 345 2778 ordinem
393 2728 531 2778 datae
582 2729 640 2776 iis
678 2727 756 2791 qui
794 2726 1026 2774 senatorii
1060 2725 1237 2774 ordinis
1282 2732 1432 2773 erant.
1505 2732 1618 2772 tunc
1657 2721 1797 2772 Cotta

127 2797 439 2861 Messalinus,
486 2814 546 2846 ne
586 2799 743 2859 imago
783 2794 976 2844 Libonis
1014 2795 1271 2858 exsequias
1308 2800 1615 2858 posterorum
1653 2793 1795 2841 comi-

129 2874 335 2931 taretur,
380 2869 591 2929 censuit,
636 2865 722 2914 Cn.
758 2864 1009 2926 Lentulus,
1059 2879 1119 2912 ne
1155 2864 1260 2928 quis
1296 2862 1576 2912 Scribonius
1611 2875 1792 2924 cogno·

129 2945 335 2985 mentum
378 2937 520 2986 Drusi
570 2936 854 2985 adsumeret.
925 2933 1326 2998 supplicationum
1381 2931 1483 2981 dies
1547 2930 1835 2998 Pomponii⁵
