1976 3224
419 266 530 302 mu.
557 265 633 301 ιν.
664 263 787 301 CAP.
816 259 1077 302 74—L1B.
1101 261 1153 297 v.
1179 260 1301 298 CAP.
1331 258 1374 299 2.
1629 247 1728 296 149

406 456 959 525 CORNELII
1013 454 1399 520 TAOITI

480 589 556 640 AB
600 586 849 639 Excussu
892 586 1024 637 mvl·
1059 583 1310 638 AUGUSTI

287 654 1486 784 ‘ANNALIUM

459 847 666 899 LIBRI
689 847 755 898 V.
800 843 1342 897 FRAGMENTUM.

74 1103 422 1146 BREVIARIUM.
454 1103 554 1157 Cap.
581 1103 621 1146 1.
662 1103 807 1143 Liviae
835 1103 1054 1156 Augustae
1081 1114 1194 1142 mors
1221 1108 1260 1141 et
1289 1101 1487 1155 elogium.
1539 1101 1578 1139 2.
1610 1100 1732 1139 Tibe-

129 1163 216 1202 rius
242 1161 364 1200 etiam
388 1167 577 1200 mortuae
603 1161 786 1212 iniquus.
834 1159 874 1202 3.
911 1159 1050 1200 Seiani
1079 1159 1264 1212 potentia
1286 1159 1447 1199 crescit.
1491 1157 1732 1210 Agrippina

130 1225 170 1258 et
198 1217 307 1258 Nero
338 1229 364 1257 a
388 1217 578 1270 principe
606 1222 868 1257 accusantur.
918 1218 959 1256 4.
987 1216 1102 1256 5.1n
1126 1227 1198 1255 eos
1220 1215 1367 1268 populi
1386 1213 1506 1254 favor
1526 1210 1631 1253 irato
1658 1212 1730 1252 Ti-

129 1275 258 1315 berio.

210 1330 322 1370 Haec
348 1336 470 1383 gesta
497 1329 541 1370 C.
573 1329 762 1370 Rubellio
790 1327 961 1369 Gemino
993 1328 1036 1369 C.
1062 1328 1178 1370 Fufio
1210 1326 1382 1368 Gemino
1414 1339 1523 1370 coss.
1538 1325 1732 1374 ;desunt

130 1387 290 1438 reliqua
313 1394 434 1440 gesta
461 1387 550 1427 eius
580 1386 678 1425 anni
706 1392 744 1426 et
770 1386 983 1437 sequentis
1011 1385 1067 1426 Μ.
1091 1385 1271 1425 Vinucio
1295 1384 1494 1433 Quartino
1515 1382 1559 1424 G.
1584 1381 1730 1423 Cassio

128 1443 319 1496 Longino
355 1454 463 1484 coss.
509 1441 618 1483 Num
643 1442 747 1483 liber
773 1443 940 1494 quintus
967 1443 1091 1483 etiam
1117 1454 1185 1482 res
1215 1447 1360 1495 gestas
1390 1440 1605 1491 sequentis
1631 1437 1732 1478 anni

130 1500 192 1540 Ti.
215 1498 392 1540 Caesare
413 1499 452 1539 V
469 1499 517 1539 L.
540 1499 661 1539 Aelio
689 1497 840 1539 Seiano
876 1510 984 1539 coss.
1020 1511 1155 1551 usque
1178 1499 1231 1538 ad
1252 1503 1428 1538 mortem
1451 1495 1592 1536 Seiani
1617 1506 1729 1534 com-

128 1557 279 1610 plexus
303 1556 370 1605 sit,
395 1556 627 1630 ignoratur.

95 1612 215 1629 ..m

31 1630 89 1672 f
179 1637 225 1684 1.
256 1634 480 1685 Rubellio
521 1642 568 1683 et
606 1634 742 1684 Fufio
778 1634 1080 1697 consulibuS,
1121 1647 1320 1697 quorum
1353 1632 1541 1694 utrique
1578 1608 1734 1679 Gemi?

36 1707 161 1754 nus
201 1711 567 1767 cognomentum
603 1712 733 1766 erat,
769 1703 888 1752 Iulia
914 1703 1132 1766 Augusta
1157 1709 1363 1751 mortem
1397 1701 1542 1760 obiit,
1578 1707 1733 1748 aetate

32 1774 37 1832 ,³
75 1780 316 1834 extrema,
350 1773 608 1822 nobilitatis
630 1788 731 1837 per
769 1772 1014 1821 Claudiam
1048 1772 1272 1821 familiam
1299 1779 1347 1819 et
1372 1770 1632 1849 adoptione
1660 1768 1732 1816 Li·
1797 1811 1802 1834 „v

75 1843 257 1891 viorum
290 1810 610 1905 fuliorumque
643 1842 950 1890 clarissimae.
1000 1843 1200 1905 primum
1229 1842 1274 1888 ei
1305 1839 1649 1889 matrimonium
1685 1843 1735 1884 et
1802 1845 1811 1890 ᾗ

76 1909 217 1959 liberi
252 1910 388 1957 fuere
427 1925 530 1957 cum
567 1910 760 1958 Tiberio
788 1910 1006 1971 Nerone,
1048 1911 1126 1974 qui
1151 1910 1283 1958 bello
1309 1909 1541 1958 Perusino
1570 1907 1770 1971 profu-5

76 1994 186 2043 guS,
214 1992 336 2042 pace
364 1979 487 2025 inter
516 1979 629 2026 Sex.
656 1978 932 2042 Pompeium
962 1993 1020 2026 ac
1045 1980 1316 2027 triumviros
1340 1985 1480 2042 pacta
1500 1978 1547 2024 in
1568 1975 1734 2023 urbem

0 2067 18 2102 η
75 2047 230 2096 rediit.
283 2047 407 2094 exim
434 2045 613 2095 Caesar
644 2047 865 2110 cupidine
894 2047 1078 2095 formae
1109 2047 1264 2095 aufert
1285 2049 1470 2107 marit0,
1500 2047 1734 2093 incertum

77 2131 136 2166 an
167 2116 384 2178 invitam,
419 2115 542 2164 adeo
581 2130 821 2180 properus
858 2123 908 2164 ut
945 2131 1005 2163 ne
1041 2117 1194 2179 spatio
1233 2115 1422 2180 quidem
1460 2113 1518 2164 ad
1555 2116 1732 2160 eniten-

78 2185 182 2234 dum
208 2185 316 2233 dato
345 2184 594 2248 penatibus
622 2186 718 2233 suis
747 2185 994 2266 gravidam
1022 2185 1275 2233 induxerit.
1327 2183 1502 2232 nullam
1528 2181 1735 2247 posthac

0 2269 3 2287 =
79 2253 295 2302 subolem
338 2253 507 2315 edidit,
564 2252 651 2301 sed
695 2254 914 2316 sanguini
957 2254 1165 2316 Augusti
1218 2269 1307 2318 per
1351 2253 1734 2307 coniunctionem
1752 2263 1793 2296 ιο

76 2323 374 2387 Agrippinae
409 2329 456 2370 et
492 2321 760 2372 Germanici
799 2323 984 2372 adnexa
1014 2337 1289 2372 communes
1327 2328 1626 2402 pronepotes
1652 2320 1732 2368 ha-

77 2390 190 2440 buit.
244 2392 492 2440 sanctitate
521 2392 688 2440 domus
749 2392 924 2440 riscum

7 2435 11 2498 l
77 2461 278 2525 antiquis
332 2461 497 2508 eminis
546 2459 789 2510 ‹robatum
849 2468 1000 2509 mater
1034 2461 1138 2522 icy·
1182 2480 1251 2515 ·9·
1320 2508 1323 2511 ,

0 2528 12 2593 ΥΙ
92 2552 170 2572 sm
227 2565 229 2569 ,
289 2545 394 2577 nus
470 2528 527 2587 ιι·
556 2520 1212 2586 mm‘leu

1295 2549 1305 2574 Ι
1380 2550 1388 2573 l

90 2602 182 2645 'fus
205 2594 459 2658 monicum,
485 2605 815 2646 testamentum
843 2598 920 2646 diu
947 2600 1133 2646 inritum
1161 2576 1321 2646 fuit>
1320 2530 1611 2646 augfflest
1641 2607 1730 2658 pro
1751 2603 1790 2636 1⁵

30 2706 35 2724 1
79 2667 248 2714 rostris
275 2681 301 2715 a
324 2666 442 2716 Gaio
465 2665 676 2715 Caesare
705 2674 991 2730 pronepote,
1019 2669 1096 2730 qui
1118 2681 1231 2715 mox
1254 2680 1412 2714 rerum
1437 2666 1616 2728 potitus
1644 2679 1670 2711 e
1624 2670 1760 2734 A*
1768 2692 1857 2702 ff.-

0 2728 230 2782 s2.
269 2734 332 2783 At
366 2735 611 2796 Tiberius,
663 2734 789 2798 quod
825 2737 1060 2798 supremis
1107 2736 1152 2782 in
1197 2743 1393 2783 matrem
1439 2734 1615 2782 officiis
1624 2723 1734 2780 de-

0 2793 8 2857 l
81 2800 271 2865 fuisset,
308 2804 421 2852 nihil
457 2811 632 2851 mutata
668 2805 950 2851 amoenitate
985 2804 1134 2865 vitae,
1175 2802 1543 2882 magnitudinem
1583 2815 1734 2863 nego·

0 2881 5 2917 ι
80 2869 249 2918 tiorum
286 2886 373 2936 per
407 2872 572 2920 literas
602 2872 876 2934 excusavit,
920 2840 1226 2934 honoresque
1254 2872 1511 2919 memoriae
1540 2872 1642 2919 eius
1675 2869 1734 2919 ab

0 2945 5 2983 l
82 2945 247 2986 senatu
274 2939 410 3002 large
439 2941 663 2988 decretos
690 2941 823 3003 quasi
858 2955 943 3005 per
972 2939 1250 2988 modestiam
1278 2941 1526 3002 imminuit,
1567 2941 1735 3003 paucis
