1982 3216
596 196 1047 235 COMMENTARIUS
1087 196 1369 236 CRITICUS.
1682 201 1835 238 XXIII

280 326 334 386 1,
377 333 405 377 6
441 329 725 373 insectanter
775 322 782 390 Ι
832 325 892 385 2,
934 334 961 374 2
998 329 1252 388 adsumpsit
1301 323 1311 393 Ι
1360 334 1387 377 6
1425 344 1524 374 cum
1558 331 1768 376 Blaesum
1795 331 1833 376 L

130 398 326 443 malebat
473 443 477 446 ,

272 464 331 524 3,
363 471 393 513 4
422 466 470 511 C.
500 467 607 510 add.
646 466 807 511 Wurm
839 461 848 529 Ι
880 467 1006 512 Aelii
1029 467 1092 511 L.-
1126 467 1239 515 uelii
1273 463 1280 530 Ι
1313 474 1340 517 6
1365 469 1684 528 perfuguisset

271 533 302 580 5
319 570 332 593 ,
371 543 398 584 5
426 536 580 582 dolum
607 536 712 593 qui,
739 548 822 580 em.
843 537 914 587 B;
939 536 1091 581 dolum
1120 538 1222 594 quis
1249 537 1413 583 Haase
1437 540 1503 583 sic
1528 543 1663 583 totum
1689 540 1834 584 locum

130 607 432 664 distinyuens:
472 605 600 650 velut
632 606 815 663 agnitus
841 619 926 664 per
952 606 1132 659 dolum;
1170 607 1272 664 quis
1299 608 1621 653 comitantibus
1650 609 1832 654 allicie-

130 677 298 721 bantur
332 674 485 732 ignari
513 674 631 719 fama
657 675 881 727 nominis;
918 680 964 719 et
993 676 1217 734 promptis
1249 675 1298 721 G.
1330 691 1369 721 a.
1398 677 1455 722 ad
1483 690 1601 722 nova
1642 683 1688 722 et
1718 678 1831 723 mira

131 742 334 805 (quippe
363 777 374 788 .
398 778 408 788 .
439 741 810 803 credebantque)
838 744 926 789 iam
952 749 1035 788 etc·
1070 737 1079 809 Ι
1109 749 1135 793 7
1161 745 1365 803 lapsum,
1395 758 1478 794 em,
1509 746 1553 790 R
1596 739 1604 808 Ι
1651 753 1704 794 10
1732 748 1832 792 ina-

130 813 253 858 nium
280 812 442 871 specie
467 805 555 876 ΗΙ
588 818 638 860 11
668 812 885 872 Poppaeo
911 813 982 858 R.-
1008 814 1225 872 pompeio
1260 809 1267 877 Ι
1300 820 1356 863 18
1386 816 1593 874 delapsis

271 881 330 940 7,
369 890 395 930 5
426 882 669 940 digressus
694 882 740 926 B
771 876 779 946 Ι
813 887 867 929 12
893 883 1188 941 psintriarum
1214 883 1282 928 D.-
1309 899 1353 942 p.
1383 885 1649 930 sintriarum
1675 882 1830 946 (spin-

126 951 319 996 triarum
348 951 393 996 B
427 964 489 996 eoe
514 947 767 1011 Suetonio).
826 951 980 997 Codex
1013 951 1318 997 Memmianus
1349 953 1552 998 Suetonii
1585 954 1742 1010 habet,
1784 960 1835 999 ut

123 1033 195 1065 me
231 1021 279 1066 C.
315 1021 369 1065 L.
399 1021 522 1066 Roth
561 1021 733 1076 docuit,
770 1021 866 1066 Tib.
901 1026 957 1070 43
991 1022 1239 1080 spintrias,
1277 1021 1422 1067 Vitell.
1461 1028 1489 1072 3
1523 1023 1830 1081 spintheriae,

122 1090 206 1135 sed
229 1090 367 1149 Caliy.
388 1095 445 1139 16
470 1090 515 1134 P.
540 1089 763 1136 sinthrias
788 1104 890 1136 cum
911 1095 1082 1148 punc-lo
1100 1095 1209 1149 post
1230 1090 1275 1144 P,
1303 1096 1354 1136 ul
1371 1092 1470 1137 eod.
1492 1091 1616 1136 Med.
1642 1093 1799 1137 Taciti.
1821 1092 1828 1154 Ι

125 1165 181 1208 13
210 1158 542 1217 conquirerent
567 1159 612 1204 D
647 1156 736 1220 (ad
756 1164 809 1217 2,
840 1157 945 1220 11):
985 1161 1224 1218 quirerent
1266 1153 1274 1224 Ι
1316 1165 1373 1208 14
1395 1161 1710 1219 retinuerent,
1744 1174 1828 1209 em.

125 1228 169 1272 B
196 1225 511 1289 (retinuerant
534 1226 622 1288 Ri)

266 1294 327 1355 8,
362 1302 389 1343 2
419 1298 599 1356 sentiae
629 1298 672 1343 d.
702 1298 919 1357 infrigies
953 1293 962 1363 Ι
993 1303 1021 1345 4
1045 1304 1270 1357 tamquam
1297 1300 1359 1344 L.-
1386 1304 1476 1345 tam
1508 1293 1518 1363 Ι
1549 1304 1605 1347 14
1634 1301 1790 1358 delegi
1820 1295 1828 1353 Ι

125 1370 181 1415 18
204 1366 362 1432 verbis
390 1367 458 1412 B:
479 1367 609 1412 urbis
645 1364 650 1427 Ι
684 1372 738 1416 19
763 1369 983 1414 suaderet
1018 1365 1194 1428 (neque
1222 1373 1271 1414 ut
1301 1369 1420 1414 ultra
1453 1403 1463 1413 .
1489 1403 1498 1413 .
1526 1370 1744 1414 suaderet
1766 1369 1828 1425 D,

124 1449 242 1480 neve
269 1436 389 1482 ultra
414 1470 424 1481 .
452 1471 461 1481 .
494 1437 713 1482 suaderet
739 1432 809 1496 N)

265 1502 326 1562 9,
358 1509 388 1552 4
414 1505 566 1552 edicta
587 1505 660 1558 M,
687 1521 725 1551 v.
753 1511 808 1563 2,
838 1511 893 1554 45
928 1501 935 1570 Ι
968 1507 1263 1566 imperatoris
1293 1508 1399 1552 incl.
1422 1507 1485 1560 L,
1513 1505 1603 1551 nisi
1630 1506 1828 1565 impera-

124 1573 240 1620 toris
269 1574 339 1632 R,
378 1576 609 1620 senatoris
634 1577 750 1620 coni.
782 1575 875 1619 Hm
917 1574 983 1637 (v.
1011 1577 1110 1620 lect.
1139 1590 1238 1620 var.
1266 1577 1330 1620 ad
1358 1577 1449 1621 Cic.
1478 1577 1525 1619 in
1551 1575 1646 1622 Pis.
1685 1574 1737 1634 ᾗ.
1768 1579 1829 1621 70

115 1655 167 1700 p.
193 1645 336 1700 1091,
375 1648 406 1689 5
431 1645 501 1689 ed.
533 1640 744 1703 Turia),
786 1645 874 1689 nisi
907 1659 932 1690 e
958 1646 1198 1704 praetorio
1226 1642 1310 1710 ΝΙ
1344 1651 1400 1694 13
1433 1644 1602 1690 extium
1629 1645 1827 1703 pagoni-

121 1725 255 1757 anum
295 1705 304 1775 Ι
348 1719 403 1761 15
430 1714 486 1758 ab
525 1714 607 1758 W.-
644 1714 701 1759 ad
742 1709 747 1775 Ι
796 1718 847 1762 17
876 1715 1085 1773 peridem

268 1780 359 1839 10,
399 1788 420 1829 l
455 1783 706 1840 lucanium,
743 1796 828 1827 em.
857 1784 901 1827 B
926 1796 988 1828 ex
1015 1789 1069 1840 4,
1100 1788 1157 1832 68
1189 1778 1196 1847 Ι
1230 1798 1483 1842 aggressus
1511 1784 1555 1827 R
1589 1777 1597 1847 Ι
1631 1797 1685 1828 ac
1719 1797 1827 1829 reus

126 1851 184 1896 L.-
221 1851 374 1897 acrius
420 1847 428 1914 Ι
469 1857 497 1898 2
524 1853 895 1910 praebebantur,
927 1866 1008 1897 em.
1047 1853 1087 1897 U
1123 1850 1130 1909 Ι
1176 1859 1203 1901 6
1232 1859 1279 1898 et
1307 1867 1459 1899 noxae
1494 1853 1827 1898 conscientiam

125 1920 400 1976 Groslotius,
430 1925 476 1964 et
500 1935 665 1966 noxam
693 1922 1012 1968 conscientiae
1032 1921 1102 1977 R,
1132 1927 1178 1967 et
1202 1922 1387 1968 noxiam
1418 1922 1749 1968 conscientiam
1771 1922 1826 1976 P,

125 2003 183 2034 ex
211 2002 332 2034 noxa
362 1989 679 2036 conscientiae
703 1990 745 2034 A
755 2009 771 2041 ‚·
795 1990 859 2048 cf.
892 1990 1070 2035 Urlichs
1093 1994 1141 2036 in
1163 2005 1212 2036 n.
1236 2006 1347 2036 ann.
1369 1991 1481 2049 phil.
1509 1996 1552 2035 et
1565 2006 1620 2049 p.
1649 1993 1733 2036 vol.
1752 1995 1826 2047 69,

124 2062 207 2106 162
239 2054 246 2120 Ι
279 2061 304 2105 7
333 2058 510 2103 habere
536 2058 575 2102 L

269 2125 326 2171 11
347 2161 360 2183 ,
399 2133 427 2176 3
453 2127 609 2173 Gaiam
637 2129 703 2173 F.-
738 2128 783 2173 C.
820 2123 827 2192 Ι
860 2129 1064 2186 incerta,
1091 2141 1173 2174 em.
1201 2130 1267 2181 F,·
1299 2131 1508 2175 incestae
1533 2129 1608 2181 Β,-
1632 2129 1696 2187 cf.
1717 2127 1826 2172 Sen.

121 2197 181 2241 de
210 2210 346 2255 prov.
384 2202 438 2253 3,
476 2194 523 2254 ὃ.
558 2203 612 2246 13
649 2202 870 2242 exsectae
909 2198 1143 2244 virilitatis
1184 2203 1262 2244 aut
1290 2199 1460 2244 dubiae
1495 2203 1609 2243 etv.
1648 2197 1828 2243 Urlichs

121 2266 150 2310 l.
177 2279 216 2310 c.
237 2280 290 2324 p.
321 2270 405 2314 163
436 2259 445 2328 Ι
478 2270 505 2314 6
528 2262 605 2311 M'.
636 2266 881 2325 Borykesi:
909 2267 964 2311 M.
999 2260 1006 2330 Ι
1038 2271 1067 2316 8
1094 2282 1211 2325 quae
1236 2267 1303 2312 N.-
1329 2282 1480 2326 neque
1506 2266 1681 2330 (eaque
1709 2264 1777 2325 P)

266 2330 357 2390 12,
396 2340 424 2383 3
451 2348 540 2393 quo
569 2336 705 2381 modo
734 2337 780 2380 B
805 2333 893 2396 (ex
920 2335 1044 2381 Suel.
1082 2337 1175 2380 Tib.
1207 2333 1316 2397 67):
1353 2338 1534 2395 quando
1579 2330 1587 2400 Ι
1630 2341 1656 2385 7
1683 2336 1823 2381 adfir-

123 2417 247 2449 mare
270 2402 345 2459 M,
376 2408 424 2447 at
447 2419 486 2450 v.
516 2411 565 2461 1,
592 2410 673 2457 81;
708 2410 763 2461 6,
790 2410 858 2453 28.
889 2412 969 2457 50;
1004 2405 1067 2449 Η.
1099 2410 1150 2463 2,
1177 2412 1204 2455 9

266 2467 356 2529 13,
397 2479 418 2519 1
450 2472 495 2517 C.
525 2473 631 2517 add.
670 2474 831 2518 Wurm
872 2468 880 2537 Ι
922 2475 1176 2521 caesiliano
1218 2469 1226 2532 Ι
1269 2475 1558 2524 3Aruleium
1584 2473 1825 2520 Reinesius

123 2546 166 2585 et
192 2546 272 2598 46,
307 2545 334 2587 2
373 2541 594 2587 Aruleius
646 2536 652 2604 Ι
705 2544 1008 2601 sangunnium
1060 2537 1066 2604 Ι
1118 2549 1144 2592 6
1183 2544 1347 2589 ultioni
1383 2545 1667 2602 sequebatur
1713 2536 1720 2606 Ι
1768 2547 1821 2593 17

122 2611 320 2668 proinde
353 2602 361 2674 Ι
393 2614 447 2657 21
476 2611 750 2669 tractatique

270 2676 359 2735 14,
398 2683 450 2726 14
489 2686 561 2724 set
595 2679 665 2724 R.-
711 2685 758 2724 et
801 2678 874 2739 (at
910 2677 1127 2739 Cronius)
1178 2674 1184 2742 Ι
1235 2685 1288 2728 25
1327 2681 1647 2739 pomponium:
1688 2681 1822 2726 Pina-

123 2747 239 2793 rium
269 2747 334 2792 Ri

271 2814 360 2872 15,
394 2823 422 2863 4
451 2817 710 2873 uesfflium,
742 2827 826 2862 em.
855 2818 906 2862 N
930 2812 937 2880 Ι
970 2823 997 2866 9
1023 2819 1335 2875 temtauisset,
1362 2824 1412 2863 ut
1436 2823 1503 2864 est
1524 2821 1571 2863 in
1600 2820 1698 2863 cod.
1729 2818 1818 2864 Cic.

125 2884 180 2928 de
216 2884 335 2942 Rep.
364 2884 441 2937 II,
482 2888 541 2930 12
578 2890 791 2930 temtaret
824 2891 866 2930 et
899 2886 1186 2931 scribendum
1221 2899 1319 2932 esse
1354 2890 1599 2946 praecepit
1638 2887 1820 2932 Marius
