1976 3224
255 156 361 207 316
710 166 984 206 commnn
1007 167 1203 205 TAc1'r1
1224 168 1526 206 ANNALmM

599 350 1154 418 CORNELII
1203 352 1593 419 TAGITI

681 445 1047 549 ABAEXCESSU
1085 495 1206 548 DIVI
1241 495 1491 552 AUGUSTI

513 625 587 702 A
674 623 748 701 N
830 623 905 701 N
988 624 1059 701 A
1141 623 1210 701 L
1289 623 1330 700 I
1409 623 1487 701 U
1565 623 1656 701 M

799 764 1316 818 -LIBERXVL

249 1023 602 1064 BREVIARIUM.
652 1023 751 1077 Cap.
783 1024 906 1066 1-3.
950 1026 1091 1066 illudit
1119 1026 1288 1066 fortuna
1315 1025 1488 1065 vanitati
1510 1023 1689 1064 Neronis
1715 1034 1791 1077 per
1813 1022 1917 1064 Bas-

306 1093 414 1130 sum,
444 1080 515 1132 qui
535 1078 780 1121 thesaurum
801 1082 844 1121 in
863 1081 1059 1122 Numidia
1079 1082 1299 1124 defossum
1319 1083 1457 1132 iactat,
1487 1093 1608 1133 quem
1630 1079 1740 1120 Nero
1761 1079 1918 1122 frustra

307 1139 483 1191 quaerit.
537 1138 581 1177 4.
616 1137 799 1178 Lustrali
827 1139 1052 1180 certamine
1078 1140 1253 1180 victoria
1277 1145 1424 1179 cantus
1445 1137 1583 1179 oblata
1602 1136 1759 1177 Neroni
1783 1143 1823 1177 et
1847 1147 1917 1176 co-

307 1207 414 1235 rona
437 1194 674 1236 facundiae.
722 1194 764 1236 5.
796 1196 843 1235 In
866 1207 915 1236 eo
943 1197 1179 1250 spectaculo
1212 1196 1450 1236 auditorum
1479 1193 1672 1235 molestia
1692 1200 1733 1234 et
1753 1193 1916 1247 Vespa-

306 1251 414 1292 siani
439 1251 688 1304 periculum.
740 1251 783 1293 6.
810 1252 1050 1306 Poppaeam
1077 1259 1287 1294 mortuam
1316 1253 1458 1293 laudat
1488 1251 1598 1292 Nero
1620 1251 1735 1304 apud
1763 1256 1908 1291 rostra.

305 1307 450 1349 7—9.
480 1307 595 1347 Pulsi
627 1306 800 1349 Cassius
836 1316 876 1349 et
913 1308 1082 1351 Silanus
1115 1317 1329 1351 necantur.
1381 1308 1447 1351 10.
1473 1309 1541 1350 11.
1584 1307 1632 1348 L.
1657 1307 1789 1348 Vetus
1821 1318 1916 1346 cum

305 1364 450 1406 Sextia
475 1376 599 1404 socru
621 1370 660 1404 et
687 1364 855 1406 Pollitta
875 1366 962 1406 filia
982 1368 1104 1420 perit.
1159 1367 1228 1410 12.
1263 1365 1532 1407 Accusatoris
1553 1364 1754 1419 praemia.
1796 1362 1913 1403 Men-

305 1423 415 1463 sium
441 1433 551 1462 nova
570 1421 754 1465 nomina.
789 1424 853 1463 14.
876 1423 1059 1464 Turbine
1083 1431 1305 1465 ventorum
1332 1429 1494 1465 vastata
1514 1421 1757 1475 Campania.
1779 1419 1910 1460 Pesti-

303 1479 447 1519 lentia.
493 1478 824 1532 Lugdunensem
856 1480 1021 1521 vcladem
1053 1482 1252 1535 princeps
1285 1480 1456 1521 solatur.
1525 1480 1592 1520 14.
1626 1477 1695 1519 15.
1746 1476 1915 1518 Sosiani

302 1535 453 1576 fraude
485 1534 786 1577 Chaldaeorum
817 1538 1101 1589 consultores,
1139 1538 1185 1580 P.
1218 1538 1397 1578 Anteius
1429 1543 1469 1577 et
1493 1535 1683 1577 Ostorius
1718 1533 1912 1588 Scapula,

301 1593 428 1634 delati
461 1599 636 1632 mortem
670 1594 777 1635 iussi
810 1601 1050 1648 properant.
1105 1594 1168 1636 16.
1201 1594 1332 1634 Taciti
1355 1606 1483 1647 super
1505 1599 1566 1634 tot
1592 1591 1780 1632 cladibus
1811 1602 1914 1642 que-

302 1649 430 1690 relae.
461 1649 528 1689 17.
556 1649 730 1691 Rufrius
751 1651 971 1704 Crispinus
993 1658 1162 1693 coactus
1183 1664 1228 1692 se
1250 1650 1458 1691 interficit.
1505 1649 1615 1699 Mela
1634 1647 1754 1688 falsis
1779 1646 1913 1687 literis

301 1707 623 1756 circumventus,
652 1707 862 1760 similique
883 1714 971 1748 arte
989 1708 1174 1750 Cerialis.
1234 1706 1301 1749 18.
1328 1707 1394 1749 19.
1422 1706 1467 1748 C.
1490 1705 1725 1754 Petronius,
1746 1703 1909 1744 erudito

299 1764 405 1804 luxu
432 1769 580 1813 notus,
611 1763 809 1817 Tigellini
847 1765 1006 1806 invidia
1036 1777 1217 1814 exosus,
1249 1777 1381 1805 venas
1413 1764 1492 1804 sibi
1523 1762 1680 1802 incidit.
1731 1761 1913 1814 Flagitia

298 1820 481 1874 principi
521 1820 723 1861 codicillis
767 1821 1004 1874 exprobrat.
1059 1821 1130 1863 20.
1174 1821 1276 1862 Inde
1305 1821 1432 1862 Siliae
1467 1819 1656 1861 exilium.
1704 1816 1909 1859 21—23.

299 1876 530 1917 Thraseam
561 1877 734 1917 Paetum
765 1885 962 1918 accusant
988 1878 1263 1919 Cossutianus
1292 1885 1331 1919 et
1353 1878 1533 1931 Eprius,
1572 1875 1748 1916 Baream
1783 1873 1910 1915 Sora-

299 1932 619 1974 num-Ostorius
651 1932 847 1975 Sabinus.
904 1936 974 1975 242
1015 1935 1084 1975 Ad
1119 1935 1328 1976 Neronem
1357 1935 1570 1975 codicillos
1603 1933 1674 1973 dat
1707 1931 1905 1972 Thrasea.

298 1991 340 2031 Is
362 1996 506 2044 patres
526 1991 669 2031 vocari
699 1991 827 2034 iubet.
881 1992 948 2032 25.
982 1991 1053 2034 26.
1085 1992 1302 2034 Consultat
1323 1991 1508 2032 Thrasea
1538 2002 1591 2030 an
1618 1990 1660 2030 in
1693 1989 1808 2029 curia
1836 1987 1910 2029 de-

298 2046 535 2087 fensionem
563 2053 706 2087 tentet.
759 2049 828 2089 27.
862 2048 971 2088 Nero
992 2057 1183 2090 senatum
1208 2050 1336 2090 armis
1367 2048 1551 2096 obsidet,
1581 2046 1909 2098 infrequentiam

296 2110 463 2157 patrum
495 2105 650 2157 arguit.
705 2103 891 2146 28*30.
930 2105 1151 2146 Marcellus
1186 2106 1340 2160 Eprius
1371 2104 1621 2153 Thraseam,
1653 2102 1907 2151 Helvidium,

298 2161 608 2215 Agrippinum,
638 2161 903 2211 Montanum,
931 2160 1120 2203 Ostorius
1146 2163 1324 2204 Baream
1346 2174 1439 2202 cum
1470 2162 1556 2201 filia
1577 2159 1753 2201 Servilia
1785 2170 1908 2199 accu-

298 2223 406 2259 sant.
458 2216 528 2258 31·
555 2218 711 2258 Eorum
736 2219 985 2260 miserabilis
1007 2219 1199 2265 defensio
1221 2220 1265 2261 in
1290 2225 1453 2261 senatu.
1507 2217 1577 2260 32.
1601 2216 1670 2258 33.
1701 2216 1907 2269 Egnatius

296 2275 618 2327 pseudostoicus
646 2275 806 2328 perfide
841 2277 882 2315 in
907 2274 1114 2316 Soranum
1143 2277 1252 2330 agit3
1287 2277 1353 2317 eui
1385 2275 1556 2317 Cassius
1580 2272 1906 2327 Asclepiodotus

298 2332 517 2384 egregiam
545 2331 671 2371 fidem
693 2339 891 2385 praestat.
914 2331 1148 2383 Thraseae,
1181 2332 1363 2382 Sorano,
1390 2331 1591 2374 Serviliae
1617 2331 1739 2371 datur
1757 2329 1906 2369 mortis

295 2387 526 2427 arbitrium.
571 2387 810 2437 Helvidius,
852 2388 1061 2430 Paeonius
1093 2390 1213 2430 Italia
1243 2390 1369 2443 pulsi.
1411 2389 1634 2429 Montanus
1665 2386 1774 2440 patri
1804 2397 1905 2426 con·

295 2456 458 2485 cessus.
506 2444 784 2484 Accusatores
802 2448 1068 2489 remunerati.
1113 2446 1182 2488 34.
1212 2445 1399 2486 Thrasea
1420 2445 1520 2485 libat
1545 2445 1635 2486 Iovi
1657 2443 1885 2484 liberatori.

381 2501 495 2540 Anni
515 2501 640 2541 unius
661 2500 764 2541 haec
785 2509 929 2554 gesta,
960 2503 1058 2553 quia
1078 2503 1240 2555 reliqua
1266 2503 1359 2543 libri
1382 2502 1514 2542 fatum
1534 2501 1706 2550 i'nvidit,
1729 2498 1772 2540 C.
1801 2497 1904 2539 Sue-

294 2558 407 2598 tonio
436 2557 588 2598 Luccio
609 2557 803 2598 Telesino
824 2569 934 2599 coss.

347 2648 390 2696 1.
447 2646 615 2696 Inlusit
663 2646 834 2695 dehinc
876 2645 1060 2696 Neroni
1097 2647 1290 2697 fortuna
1333 2662 1422 2712 per
1458 2647 1712 2696 vanitatem
1750 2646 1902 2709 ipsius

235 2725 285 2765 et
323 2718 559 2783 promissa
585 2715 797 2765 Caeselli
823 2715 987 2780 Bassi,
1031 2718 1112 2780 qui
1143 2718 1331 2780 origine
1358 2716 1574 2777 Poenus,
1612 2721 1770 2762 mente
1805 2721 1900 2762 tur·
1972 2723 1976 2766 Α

235 2785 371 2849 bida,
411 2792 675 2834 nocturnae
710 2786 883 2850 quietis
912 2787 1166 2849 imaginem
1204 2787 1262 2835 ad
1303 2801 1438 2851 spem
1471 2783 1593 2834 haud
1622 2783 1793 2832 dubiae
1828 2783 1900 2831 rei
1971 2775 1976 2826 ἕ

234 2857 403 2918 traxit,
445 2861 712 2918 vectusque
747 2855 975 2917 Romam,
1013 2856 1244 2920 principis
1283 2855 1456 2907 aditum
1483 2860 1779 2915 emereatus,
1817 2867 1899 2900 ex-
