1976 3224
143 199 146 202 ⁴
173 152 396 246 effla*
447 244 450 245 ⁷
686 189 961 228 CORNELII
991 190 1187 228 TAorrr
1213 191 1518 229 ANNALIUM

199 347 203 350 ⁴
270 320 433 383 tigiem
463 317 687 368 Caesaris
727 318 1010 383 procubuit,
1047 334 1220 382 magna
1255 319 1414 382 gloria
1450 322 1693 368 exercitus
1718 320 1940 384 Romani,

270 404 411 455 quem
446 390 744 438 incruentum
779 395 833 437 -et
863 390 1101 437 victorem
1126 388 1267 437 tridui
1304 390 1475 438 itinere
1510 389 1689 439 afuisse
1716 389 1775 439 ab
1805 405 1941 440 amne

257 459 417 510 Tanai
445 461 674 508 constitit
728 459 852 508 sed
839 474 886 507 m
912 474 1143 522 regressu
1172 454 1337 522 dispar
1362 459 1554 508 fortuna
1581 459 1697 521 fuit,
1729 462 1837 525 quia
1861 475 1940 509 na-

238 532 396 578 vium
434 528 661 592 quasdam
694 531 904 595 (quippe
940 531 1056 578 mari
1091 529 1397 594 remeabant)
1434 531 1482 577 in
1514 529 1655 579 litora
1680 529 1942 579 Taurorum

209 614 252 648 15
269 599 455 648 delatas
477 600 838 649 circumvenere
858 599 1072 666 barbari,
1100 600 1352 664 praefecto
1381 599 1595 648 cohortis
1621 607 1668 649 et
1696 599 1943 665 plerisque

268 669 568 719 auxiliarium
591 670 875 727 interfectis

374 738 454 789 18.
493 739 684 789 Interea
710 739 1006 790 Mithridates
1033 739 1165 788 nullo
1201 740 1247 788 in
1276 740 1419 789 armis
1446 739 1660 789 subsidio
1688 740 1940 804 consultat,

267 811 402 858 cuius
428 810 808 859 misericordiam
835 811 1151 876 experiretur.
1195 810 1346 858 frater
1366 808 1541 874 CotYS,
1570 809 1789 874 proditor
1809 810 1940 875 olim,

266 879 439 928 deinde
469 879 654 943 hostis,
691 880 1015 930 metuebatur:
1049 881 1373 930 Romanorum
1399 894 1541 929 nemo
1569 880 1616 928 id
1642 882 1940 930 auctoritatis

267 950 451 1012 aderat,
477 957 527 999 ut
548 953 783 1014 promissa
805 952 908 999 eius
932 951 1090 1014 magni
1116 949 1455 1014 penderentur.
1492 949 1551 998 ad
1569 949 1805 999 Eunonen
1826 965 1940 999 con·

223 1040 244 1073 5
267 1022 435 1083 vertit,
477 1021 689 1085 propriis
730 1020 852 1070 odiis
879 1036 984 1071 non
1016 1020 1254 1083 infensum
1289 1028 1337 1070 et
1372 1035 1547 1069 recens
1578 1021 1830 1070 coniuncta
1855 1035 1939 1069 no-

265 1090 451 1139 biscum
478 1091 683 1140 amicitia
709 1091 932 1140 validum.
981 1090 1126 1153 igitur
1152 1090 1280 1139 cultu
1305 1090 1536 1154 vultuque
1565 1105 1705 1155 quam
1735 1094 1940 1140 maxime

265 1160 326 1209 ad
354 1168 661 1224 praesentem
696 1161 934 1210 fortunam
972 1168 1253 1225 comparato
1291 1162 1478 1223 regiam
1510 1159 1777 1223 ingreditur
1802 1162 1938 1224 geni-

266 1230 454 1294 busque
483 1231 585 1279 eius
622 1231 910 1295 provolutus
949 1230 1304 1280 ‘Mithridates'
1346 1232 1498 1294 inquit
1529 1233 1688 1279 ‘terra
1727 1231 1940 1296 marique

264 1301 494 1350 Romanis
523 1316 612 1365 per
637 1309 709 1350 tot
733 1316 885 1350 annos
910 1303 1157 1366 quaesitus
1182 1308 1357 1365 sponte
1387 1300 1574 1350 adsum:
1603 1307 1757 1362 utere,
1786 1308 1836 1349 ut
1857 1315 1940 1349 vo-

208 1385 251 1418 ιο
268 1370 368 1433 les
408 1370 548 1434 prole
575 1373 735 1434 magni
765 1371 1115 1467 AchaemeniS,
1163 1370 1291 1435 quod
1325 1370 1437 1420 mihi
1469 1370 1622 1419 solum
1647 1369 1818 1419 hostes
1845 1366 1942 1419 non

265 1440 580 1489 abstulerunt.
593 1442 610 1465 ’

375 1510 454 1559 19.
490 1510 554 1558 At
572 1510 800 1559 Eunones
825 1510 1106 1560 claritudine
1126 1512 1232 1574 viri,
1260 1511 1519 1559 mutatione
1544 1525 1703 1559 rerum
1723 1517 1771 1559 et
1790 1525 1940 1575 prece

264 1580 391 1629 haud
417 1580 650 1643 degeneri
677 1588 951 1647 permotus,
989 1580 1180 1630 adlevat
1216 1580 1486 1645 supplicem
1524 1580 1782 1644 laudatque
1811 1579 1942 1644 quod

265 1658 459 1714 gentem
485 1650 781 1713 Aorsorum,
825 1651 956 1715 quod
982 1666 1114 1700 suam
1143 1650 1359 1699 dextram
1388 1649 1627 1713 petendae
1657 1650 1828 1698 veniae
1859 1649 1939 1698 de-

265 1721 459 1782 legerit.
512 1720 648 1768 simul
675 1721 867 1783 legatos
894 1721 1157 1785 literasque
1179 1720 1238 1769 ad
1260 1719 1517 1769 Caesarem
1538 1720 1584 1767 in
1603 1719 1728 1768 huuc
1751 1719 1942 1768 modum

226 1805 246 1836 5
265 1790 429 1838 mittit:
481 1790 650 1854 populi
684 1790 887 1839 Romani
932 1789 1325 1855 imperatoribuS,
1373 1804 1651 1853 magnarum
1699 1790 1941 1838 nationum

263 1858 463 1923 regibus
502 1861 699 1923 primam
734 1875 796 1908 ex
834 1859 1138 1909 similitudine
1175 1861 1399 1909 fortunae
1445 1860 1722 1922 amicitiam,
1766 1859 1857 1908 sibi
1895 1866 1941 1908 et

266 1929 466 1979 Claudio
503 1930 644 1979 etiam
673 1933 1054 1980 communionem
1085 1932 1320 1979 victoriae
1349 1945 1476 1978 esse.
1512 1928 1777 1978 'bellorum
1801 1944 1940 1993 egre-

263 2001 376 2063 gios
403 2000 550 2062 fineS,
581 2001 805 2064 quotiens
830 2001 1131 2063 ignoscendo
1156 2002 1475 2062 transigatur:
1505 2000 1575 2048 sic
1597 1998 1785 2048 Zorsini
1811 2000 1940 2047 victo

263 2069 379 2118 nihil
414 2077 646 2133 ereptum.
711 2084 800 2134 pro
843 2070 1147 2133 Mithridate,
1193 2069 1383 2134 quando
1426 2071 1622 2131 gravius
1655 2076 1940 2130 mereretur,

206 2155 248 2189 ιο
265 2154 360 2188 non
397 2141 660 2204 potentiam
687 2155 846 2204 neque
884 2155 1084 2203 regnum
1109 2141 1330 2204 precari,
1364 2137 1451 2187 sed
1487 2154 1548 2187 ne
1572 2138 1942 2204 triumpharetur

265 2224 391 2258 neve
419 2224 604 2273 poenas
635 2211 794 2273 capite
826 2210 1142 2274 expenderet.

368 2279 451 2328 20.
490 2279 553 2326 At
581 2278 831 2340 ClaudiuS,
871 2295 1153 2344 quamquam
1180 2277 1507 2327 nobilitatibus
1545 2279 1758 2326 externis
1795 2278 1940 2340 mitis,

264 2346 496 2395 dubitavit
522 2354 699 2411 tamen,
732 2350 960 2412 accipere
987 2350 1226 2413 captivum
1253 2355 1397 2411 pacto
1427 2347 1595 2396 salutis
1621 2362 1681 2396 an
1711 2354 1939 2413 repetere

263 2418 405 2466 armis
438 2418 618 2465 rectius
646 2418 789 2468 foret.
843 2417 953 2466 hinc
979 2419 1120 2467 dolor
1147 2418 1422 2466 iniuriarum
1451 2424 1497 2465 et
1522 2415 1671 2466 libido
1700 2416 1942 2466 vindictae

264 2486 514 2550 adigebat:
545 2486 631 2535 sed
658 2486 989 2536 disserebatur
1017 2495 1183 2536 contra
1209 2487 1391 2551 suscipi
1410 2486 1590 2535 bellum
1611 2488 1722 2536 avio
1750 2487 1937 2548 itinere,

223 2572 243 2602 5
262 2558 547 2621 inportuoso
574 2558 690 2605 mari
707 2577 716 2613 ;
758 2556 817 2606 ad
847 2556 942 2606 hoc
968 2572 1116 2620 reges
1142 2557 1365 2618 feroceS‚
1403 2571 1559 2619 vagos
1587 2555 1821 2621 populoS,
1861 2570 1937 2604 so-

262 2628 358 2675 lum
384 2626 573 2689 frugum
605 2638 834 2690 egenum,
863 2626 1070 2675 taedium
1091 2641 1153 2675 ex
1172 2640 1328 2688 mora,
1355 2626 1572 2690 pericula
1593 2641 1654 2673 ex
1674 2625 1976 2689 properati-⁷*

262 2698 352 2758 tia,
379 2696 616 2745 modicam
644 2695 908 2745 victoribus
946 2696 1132 2746 laudem
1167 2711 1223 2746 ac
1248 2695 1442 2743 multum
1472 2695 1718 2756 infamiae,
1759 2694 1799 2741 si
1836 2694 1937 2758 pel-

262 2766 493 2814 lerentur.
549 2767 661 2829 quin
684 2767 921 2830 arriperet
942 2766 1102 2815 oblata
1130 2773 1179 2814 et
1205 2771 1424 2813 servaret
1453 2763 1673 2826 exulem,
1701 2765 1775 2811 cui
1804 2764 1936 2827 inopi

265 2843 439 2898 quanto
472 2835 743 2898 longiorem
777 2838 945 2898 vitam,
984 2843 1114 2884 tanto
1143 2835 1252 2899 plus
1282 2833 1507 2898 supplicii
1531 2833 1656 2880 fore.
1722 2833 1797 2881 his
1827 2848 1934 2897 per-

203 2922 244 2955 ιο
264 2911 417 2951 motus
456 2906 650 2968 scripsit
682 2905 900 2966 Eunoni,
938 2906 1155 2952 meritum
1195 2902 1383 2966 quidem
1420 2902 1677 2951 novissima
1711 2902 1935 2966 exempla
