1976 3224
240 151 340 200 104
420 129 434 133 ἐ
688 161 963 199 CORNELII
987 160 1180 199 TACITI
1200 162 1506 200 ANNALIUM

342 292 425 339 57.
476 290 837 354 Praeceperant
873 291 1041 356 animis
1081 290 1348 338 orationem
1395 298 1584 354 patreS,
1637 305 1731 355 quo
1762 306 1915 357 quae-

238 361 375 409 sitior
402 360 611 408 adulatio
637 359 741 408 fuit.
800 375 893 408 nec
921 358 1349 423 tamen'repertum
1376 360 1464 407 nisi
1495 367 1543 408 ut
1569 361 1759 423 effigIes
1788 362 1917 425 prin·

235 432 422 495 cipum,
459 445 567 479 aras
595 429 761 492 deum,
798 430 978 494 templa
1004 436 1051 477 et
1079 444 1220 477 arcus
1246 429 1434 494 aliaque
1472 429 1614 479 solita
1642 439 1916 494 censerent,

233 501 325 548 nisi
353 499 482 564 quod
505 500 568 548 Μ.
595 499 786 548 Silanus
814 515 876 548 ex
906 499 1192 548 contumelia
1222 499 1499 547 consulatus
1525 499 1761 549 honorem
1789 502 1915 564 prin-

198 589 217 621 5
238 569 427 633 cipibus
455 570 626 634 petivit
652 569 866 633 dixitque
894 584 982 645 pro
1021 570 1282 631 sententia,
1321 576 1370 617 ut
1409 568 1616 634 publicis
1652 571 1917 634 privatisve

233 640 540 688 monimentis
581 639 640 689 ad
677 641 955 688 memoriam
996 647 1266 702 temporum
1304 653 1401 687 non
1441 639 1689 687 consulum
1727 641 1915 688 nomina

233 708 712 774 praescriberentur,
752 709 841 758 sed
878 724 1043 758 eorum
1073 709 1151 773 qui
1185 708 1483 757 tribuniciam
1511 716 1803 773 potestatem
1827 724 1914 772 ge·

230 786 411 827 rerent.
469 787 517 827 at
546 780 604 840 Q.
633 779 860 828 Haterius
891 795 995 837 cum
1027 781 1131 826 eius
1160 778 1254 827 diei
1286 786 1479 827 senatus
1510 779 1729 827 consulta
1757 781 1915 827 aureis

231 848 386 897 l‘lteris
415 849 611 912 figenda
638 851 685 897 in
717 851 847 898 curia
877 850 1176 911 censuisset,
1217 848 1482 897 deridiculo
1509 848 1596 896 fuit
1623 864 1776 897 senex
1809 849 1908 897 foe-

171 933 215 969 ιο
232 918 460 967 dissimae
486 918 773 968 adulationis
799 926 977 968 tantum
1004 918 1196 966 infamia
1224 934 1411 966 usurus.

331 989 416 1038 58.
452 988 585 1037 Inter
613 1004 734 1053 quae
775 986 1027 1052 provincia
1056 987 1227 1037 Africa
1252 987 1387 1036 Iunio
1415 987 1593 1036 Blaeso
1630 995 1911 1052 prorogata,

231 1059 430 1106 Servius
465 1058 814 1121 Maluginensis
859 1059 1032 1107 flamen
1066 1058 1219 1107 Dialis
1258 1065 1309 1122 nt
1343 1057 1509 1106 Asiam
1541 1064 1675 1106 sorte
1692 1057 1914 1106 xhaberet

230 1127 521 1191 postulavit,
573 1128 751 1177 frustra
797 1128 1042 1192 vulgatum
1088 1127 1311 1176 dictitans
1356 1142 1452 1175 non
1497 1127 1651 1176 licere
1695 1126 1913 1176 Dialibus

231 1197 403 1260 egredi
429 1196 587 1260 Italia,
615 1213 773 1263 neque
801 1198 929 1247 aliud
954 1200 1027 1246 ius
1055 1213 1190 1246 suum
1220 1212 1359 1262 quam
1385 1197 1671 1247 Martialium
1697 1197 1913 1259 Quirina-

189 1284 210 1314 5
228 1267 441 1331 liumque
469 1268 731 1317 flaminum:
760 1282 931 1333 porro,
964 1268 1004 1316 si
1034 1267 1079 1315 hi
1104 1268 1355 1316 duxissent
1376 1269 1672 1332 provinciaS,
1702 1282 1786 1321 cur
1804 1267 1907 1316 Dia-

228 1336 355 1385 libus
394 1337 441 1385 id
483 1336 715 1386 vetitum?
779 1338 909 1387 nulla
954 1337 1013 1386 de
1053 1353 1112 1387 eo
1150 1338 1321 1402 populi
1362 1339 1506 1402 scita,
1553 1351 1650 1386 non
1692 1338 1739 1385 in
1778 1337 1916 1386 libris

231 1408 631 1456 caerimoniarum
651 1408 875 1472 reperiri.
915 1423 1067 1472 saepe
1087 1409 1345 1472 pontifices
1366 1407 1523 1457 Dialia
1548 1422 1688 1456 sacra
1714 1407 1913 1470 fecisse,

229 1479 269 1525 si
294 1477 467 1525 flamen
495 1477 769 1526 valetudine
798 1485 876 1526 aut
900 1492 1097 1526 munere
1122 1477 1317 1541 publico
1341 1477 1667 1543 impediretur.
1705 1478 1913 1542 quinque

229 1554 277 1595 et
302 1548 611 1612 septuaginta
639 1550 774 1597 annis
802 1555 915 1612 post
944 1547 1160 1596 Cornelii
1185 1547 1401 1596 Merulae
1440 1547 1639 1596 caedem
1676 1548 1912 1596 neminem

172 1631 211 1664 10
230 1617 509 1681 suffectum,
550 1632 708 1683 neque
742 1625 900 1667 tamen
939 1619 1215 1667 cessavisse
1250 1617 1531 1680 religiones.
1586 1615 1715 1681 quod
1752 1618 1791 1663 si
1823 1631 1915 1681 per

228 1694 299 1735 tot
335 1702 486 1742 annos
521 1689 680 1752 possit
714 1702 810 1736 non
847 1690 1001 1737 creari
1044 1688 1185 1748 nullo,
1214 1702 1462 1735 sacrorum
1492 1686 1693 1749 damno,
1732 1695 1910 1750 quanto

226 1756 421 1805 facilius
449 1757 683 1806 afuturum
710 1757 769 1806 ad
795 1759 933 1805 unius
957 1759 1065 1806 anni
1102 1757 1455 1822 proconsulare
1490 1755 1778 1820 imperium?
1816 1757 1910 1821 pri-

226 1828 350 1876 vatis
379 1827 493 1875 olim
520 1827 839 1876 simultatibus
866 1827 1108 1891 effectum,
1133 1835 1182 1875 ut
1205 1842 1232 1876 a
1255 1825 1568 1891 pontificibus
1594 1826 1812 1876 maximis
1838 1828 1929 1880 ire,

228 1897 275 1944 in
323 1897 600 1960 provincias
638 1897 1039 1962 prohiberentur:
1086 1912 1212 1946 nunc
1255 1897 1394 1945 deum
1439 1910 1637 1944 munere
1681 1911 1911 1945 summum

170 1985 210 2018 15
227 1967 507 2030 pontificum
545 1968 685 2016 etiam
724 1982 951 2015 summum
989 1967 1230 2016 hominum
1268 1982 1407 2028 esse,
1457 1981 1551 2016 non
1586 1966 1907 2030 aemulationi,

227 2051 324 2085 non
352 2037 465 2085 odio
496 2045 574 2086 aut
602 2038 802 2101 privatis
829 2037 1182 2087 adfectionibus
1213 2037 1488 2086 obnoxium.

333 2108 417 2158 59.
471 2106 723 2156 Adversus
773 2123 896 2172 quae
940 2123 1044 2156 cum
1092 2122 1244 2169 augur
1281 2107 1508 2156 Lentulus
1553 2105 1730 2170 aliique
1776 2107 1910 2155 varie

230 2176 554 2241 dissererent,
589 2192 649 2226 eo
678 2177 934 2226 decursum
964 2186 1039 2227 est
1063 2186 1113 2226 ut
1139 2178 1382 2242 pontificis
1411 2176 1602 2225 maximi
1624 2176 1910 2225 sententiam

229 2249 588 2310 opperirentur.
647 2246 870 2296 Tiberius
899 2247 1042 2298 dilata
1067 2249 1267 2296 notione
1289 2247 1348 2295 de
1366 2247 1469 2295 iure
1490 2246 1710 2308 flaminis,
1738 2246 1908 2295 decre·

227 2323 300 2363 tas
328 2317 389 2364 ob
416 2316 714 2365 tribuniciam
740 2317 884 2365 Drusi
912 2325 1205 2381 potestatem
1244 2317 1563 2365 caerimonias
1600 2316 1907 2379 temperavit,

186 2399 204 2429 5
234 2386 510 2433 nominatim
546 2401 757 2448 arguens
795 2387 1099 2435 insolentiam
1137 2387 1406 2435 sententiae
1439 2399 1706 2448 aureasque
1740 2385 1909 2433 literas

230 2462 395 2504 contra
438 2456 638 2519 patrium
677 2470 875 2503 morem.
937 2458 1169 2505 recitatae
1205 2463 1254 2504 et
1291 2455 1434 2503 Drusi
1471 2454 1708 2519 epistulae
1746 2470 1905 2518 quam·

228 2539 367 2587 quam
413 2524 471 2573 ad
516 2525 797 2573 modestiam
849 2525 1007 2574 flexae
1049 2540 1137 2590 pro
1186 2525 1543 2589 superbissimis
1589 2524 1904 2588 accipiuntur.

226 2594 318 2641 huc
347 2594 590 2642 decidisse
619 2602 815 2657 cuncta,
852 2603 902 2643 ut
938 2611 998 2643 ne
1028 2596 1214 2643 iuvenis
1242 2595 1432 2659 quidem
1459 2601 1588 2643 tanto
1615 2593 1800 2642 honore
1828 2609 1904 2642 ac-

229 2671 373 2727 cepto
401 2664 553 2712 adiret
582 2664 713 2712 urbis
739 2664 877 2726 deOS‚
908 2665 1246 2728 ingrederetur
1278 2672 1517 2726 senatum,
1560 2664 1773 2726 auspicia
1811 2662 1903 2712 sal-

170 2747 209 2779 10
228 2739 322 2780 tem
349 2734 533 2796 gentile
561 2734 686 2798 apud
714 2734 868 2784 solum
894 2728 1166 2800 inciperet.
1204 2734 1381 2783 bellum
1403 2734 1590 2782 scilicet
1609 2739 1688 2780 aut
1708 2732 1904 2781 diverse
1959 2746 1970 2757 ‘

229 2809 461 2851 terrarum
500 2803 744 2867 distineri,
787 2804 931 2853 litora
973 2812 1021 2854 et
1060 2805 1195 2853 lacus
1234 2803 1522 2868 Campaniae
1559 2817 1663 2850 cum
1700 2803 1905 2850 maxime

230 2880 587 2935 peragrantem.
638 2875 708 2921 sic
735 2873 878 2921 imbui
905 2882 1144 2922 rectorem
1173 2875 1368 2935 generis
1391 2872 1603 2933 humani,
1632 2871 1678 2919 id
1705 2873 1903 2936 primum
