1976 3224
607 205 782 244 LIBER
812 204 928 241 xv1.
971 203 1095 242 CAP.
1125 201 1283 244 1—4.
1675 195 1777 245 317

122 335 297 399 promit
324 342 567 398 repertum
594 333 639 380 in
668 347 787 395 agro
815 347 900 380 suo
932 346 1130 397 specum
1157 331 1401 380 altitudine
1427 333 1654 396 inmensa,
1683 347 1778 397 quo
1800 350 1821 383 5

43 405 47 412 ‘
119 418 292 467 magna
327 404 399 452 vis
432 404 534 452 auri
572 403 919 465 contineretur,
950 416 1046 463 ηομ
1082 402 1130 448 in
1162 401 1365 451 formam
1398 402 1657 466 pecuniae,
1695 402 1785 451 sed

120 473 224 522 rudi
259 480 307 521 et
341 473 532 537 antiquo
570 471 801 536 pondere.
858 471 1036 520 lateres
1072 470 1253 535 quippe
1281 485 1580 535 praegraves
1605 471 1783 536 iacere,

122 541 418 593 adstantibus
457 548 594 605 parte
628 541 718 590 alia
763 541 1022 597 columnis;
1069 554 1191 604 quae
1227 555 1316 605 per
1348 547 1526 590 tantum
1562 542 1668 591 aevi
1704 557 1783 591 oc-

123 613 250 662 culta
278 611 517 675 augendis
557 610 894 675 praesentibus
933 609 1091 660 bonis.
1149 617 1385 673 ceterum,
1422 618 1471 659 ut
1507 611 1784 660 coniectura

123 683 439 745 demonstrat,
473 680 597 745 Dido
632 680 946 730 Phoenissam
982 679 1112 741 Tyro
1150 680 1406 745 profugam
1442 680 1631 730 condita
1669 678 1844 730 Car-10

122 752 320 815 thagine
356 751 465 800 illas
504 765 628 816 opes
658 749 926 813 abdidisse,
959 765 1021 798 ne
1056 763 1211 798 novus
1236 749 1447 815 populus
1472 750 1612 800 nimia
1637 765 1783 816 pecu-

123 824 200 871 nia
228 822 500 884 lasciviret,
540 827 619 869 aut
646 835 794 884 reges
819 818 1149 882 Numidarum,
1191 825 1240 869 et
1265 819 1382 870 alias
1408 819 1607 884 infensi,
1653 820 1784 885 cupi-

121 891 234 940 dine
261 892 362 940 auri
388 890 447 940 ad
476 890 655 939 bellum
682 890 1077 939 accenderentur.

228 961 279 1025 2.ι
312 959 463 1023 Igitur
485 959 645 1022 Nem,
681 973 776 1008 non
811 960 1051 1013 auctoris,
1083 972 1180 1006 non
1203 959 1355 1022 ipsius
1379 958 1565 1022 negotii
1591 958 1686 1007 fide
1713 972 1785 1006 sa·

123 1031 183 1079 tis
219 1036 439 1094 spectata
474 1044 565 1079 nec
599 1029 758 1077 missis
795 1044 894 1093 per·
908 1043 1029 1094 quos
1054 1035 1283 1077 nosceret
1318 1043 1377 1077 an
1403 1043 1520 1076 vera
1542 1027 1786 1077 adferren-

123 1108 226 1160 tur,
265 1106 411 1162 auget
444 1099 570 1148 ultro
606 1112 847 1148 rumorem
873 1099 1107 1162 mittitque
1142 1099 1221 1161 qui
1255 1097 1388 1146 velut
1413 1104 1624 1162 paratam
1648 1111 1797 1162 praes

125 1168 232 1218 dam
266 1167 577 1218 adveherent.
629 1167 798 1217 dantur
835 1169 1056 1216 triremes
1091 1174 1139 1215 et
1177 1165 1415 1215 delectum
1448 1167 1697 1230 remigium
1722 1166 1787 1214 iu-

128 1238 310 1287 vandae
346 1237 655 1287 festinationi.
706 1253 797 1286 nec
836 1237 961 1287 aliud
999 1252 1087 1301 per
1117 1235 1227 1285 illos
1254 1235 1357 1285 dies
1385 1236 1593 1301 populus
1621 1235 1787 1285 credu-
1809 1246 1830 1279 ⁵

125 1309 276 1370 litate,
304 1307 567 1373 prudentes
594 1307 787 1356 diversa
811 1307 936 1356 fama
962 1306 1131 1359 tulere.
1190 1321 1248 1355 ac
1279 1305 1408 1355 forte
1436 1304 1789 1371 quinquennale

125 1377 358 1427 ludicrum
384 1377 600 1426 secundo
622 1377 772 1426 lustro
795 1376 1147 1437 celebrabatur,
1175 1375 1234 1424 ab
1253 1375 1622 1440 oratoribusque
1650 1389 1787 1440 prae·

129 1448 268 1512 cipua
303 1448 499 1496 materia
535 1449 583 1495 in
616 1446 805 1496 laudem
841 1446 1073 1511 principis
1111 1444 1360 1509 adsumpta
1398 1452 1487 1494 est.
1541 1459 1638 1493 non
1667 1444 1791 1493 enim

128 1517 294 1566 solitas
317 1523 494 1566 tantum
518 1516 686 1579 fruges
714 1532 803 1565 nec
840 1516 1089 1565 confusum
1114 1514 1323 1564 metallis
1342 1529 1504 1564 aurum
1522 1514 1676 1578 gigni,
1704 1511 1791 1562 sed

127 1601 254 1635 nova
273 1585 492 1634 ubertate
518 1587 778 1650 provenire
803 1593 980 1635 terram
1010 1592 1057 1634 et
1085 1583 1254 1633 obvias
1282 1598 1404 1648 opes
1431 1583 1625 1632 deferre
1649 1582 1786 1645 deos,
1808 1598 1849 1632 10

128 1670 346 1721 quaeque
374 1655 467 1704 alia
493 1669 671 1704 summa
696 1655 918 1704 facundia
947 1670 1039 1704 nec
1073 1655 1257 1702 minore
1291 1653 1562 1703 adulatione
1597 1652 1791 1701 servilia

130 1725 391 1789 fingebant,
421 1726 582 1773 securi
608 1724 668 1774 de
696 1723 929 1775 facilitate
961 1724 1217 1773 credentis,

234 1794 283 1845 3.
325 1793 571 1844 Gliscebat
589 1794 775 1843 interim
797 1794 983 1844 luxuria
1008 1808 1097 1858 spe
1121 1794 1263 1856 inani,
1292 1792 1792 1856 consumebanturque

141 1871 330 1914 veteres
353 1878 476 1927 opes
499 1865 634 1928 quasi
662 1863 838 1913 oblatis
865 1879 983 1928 quas
1006 1863 1180 1912 multos
1209 1877 1298 1927 per
1316 1877 1467 1912 annos
1491 1861 1790 1927 prodigeret.

131 1935 243 1999 quin
270 1940 317 1982 et
346 1933 457 1982 inde
483 1934 574 1982 iam
599 1932 919 1996 largiebatur;
959 1939 1008 1981 et
1033 1932 1298 1981 divitiarum
1332 1933 1632 1997 exspectatio
1669 1932 1794 1979 inter

133 2019 305 2052 causas
338 2003 634 2068 paupertatis
671 2001 895 2067 publicae
923 2009 1040 2063 erat.
1093 2016 1200 2050 nam
1223 2000 1427 2064 BassuS,
1465 2001 1646 2050 effosso
1673 2013 1792 2063 agro

132 2087 218 2122 suo
255 2073 460 2137 latisque
502 2074 680 2121 circum
715 2074 870 2134 arviS,
908 2071 1016 2120 dum
1051 2070 1175 2120 hunc
1211 2071 1290 2119 vel
1327 2071 1459 2119 illum
1488 2070 1647 2119 locum
1681 2083 1790 2134 pro·
1812 2079 1833 2113 5

131 2143 262 2191 missi
287 2157 464 2206 specus
491 2141 773 2204 adseverat,
810 2148 1164 2206 sequunturque
1194 2156 1290 2190 non
1323 2140 1467 2190 modo
1503 2140 1678 2189 milites
1707 2137 1794 2188 sed

132 2212 343 2277 populus
372 2213 633 2275 agrestium
660 2211 915 2260 efficiendo
943 2212 1081 2275 operi
1103 2210 1395 2274 adsumptuS,
1421 2210 1611 2259 tandem
1637 2210 1794 2274 posita

132 2280 421 2344 vaecordia,
459 2295 555 2330 non
594 2281 716 2330 falsa
754 2288 892 2330 antea
931 2281 1111 2333 somnia
1149 2295 1234 2329 sua
1260 2295 1409 2345 seque
1459 2286 1570 2328 tunc
1596 2279 1795 2344 primum

135 2351 318 2399 elusum
345 2350 600 2415 admiranS,
630 2351 862 2415 pudorem
885 2357 932 2399 et
954 2357 1130 2399 metum
1147 2357 1302 2398 morte
1323 2350 1590 2399 voluntaria
1610 2347 1794 2411 effugit.

134 2420 323 2484 quidam
359 2421 571 2469 vinctum
607 2436 664 2470 ac
699 2434 812 2468 mox
847 2419 1088 2469 dimissum
1127 2418 1369 2483 tradidere
1395 2418 1628 2483 ademptis
1654 2417 1853 2466 bonisio

134 2490 182 2537 in
208 2489 368 2539 locum
394 2492 560 2552 regiae
586 2505 754 2553 gazae.

236 2561 285 2608 4.
318 2558 508 2608 Interea
535 2566 752 2621 senatus,
780 2560 1051 2624 propinquo
1078 2559 1171 2607 iam
1209 2557 1394 2607 lustrali
1431 2557 1714 2618 certamine,
1746 2562 1799 2605 ut

138 2628 355 2678 dedecus
383 2635 650 2691 averteret,
690 2629 833 2678 offert
864 2629 1141 2692 imperatori
1166 2628 1416 2676 victoriam
1442 2633 1605 2677 cantus
1632 2626 1795 2674 adicit-

138 2713 232 2762 que
268 2697 519 2748 facundiae
557 2712 810 2760 coronam,
860 2713 953 2762 qua
998 2696 1180 2746 ludicra
1223 2697 1503 2746 deformitas
1539 2695 1795 2744 velaretur.

138 2767 226 2816 sed
249 2766 383 2817 Nero
409 2767 524 2816 nihil
554 2767 730 2816 ambitu
754 2782 846 2816 nec
878 2773 1120 2831 potestate
1150 2774 1343 2816 senatus
1373 2781 1493 2832 opus
1525 2780 1636 2814 esse
1662 2765 1795 2815 dicti-

137 2843 270 2899 tans,
300 2852 353 2886 se
380 2852 583 2901 aequum
608 2836 859 2886 adversum
885 2836 1099 2886 aemulos
1127 2843 1174 2885 et
1202 2836 1442 2901 religione
1471 2835 1677 2886 iudicum
1701 2849 1797 2884 me·
1820 2848 1841 2880 5

137 2905 275 2954 ritam
310 2906 497 2957 laudem
529 2907 885 2971 adsecuturum,
924 2907 1075 2972 prImo
1110 2921 1301 2956 carmen
1326 2906 1374 2955 in
1399 2911 1576 2957 scaena
1601 2906 1771 2957 recitat
1783 2923 1795 2963 ς
