1976 3224
252 186 359 238 268
704 197 975 236 CORNELn
1018 198 1214 236 'PACITI
1252 197 1558 235 ANNALIUM

257 329 355 375 tuit.
419 341 576 389 neque
614 326 725 374 tletu
769 335 817 375 et
849 326 1058 374 lacrimis
1091 326 1314 374 auxilium
1362 326 1463 372 eius
1501 325 1734 372 orantium
1778 324 1932 372 flexus

262 404 335 445 est
371 397 483 459 quin
523 395 659 444 daret
697 397 1013 460 profectionis
1050 396 1236 458 signum
1274 402 1322 443 et
1358 396 1640 443 comitantes
1666 395 1713 442 in
1751 401 1934 457 partem

260 467 463 529 agminis
492 466 767 529 acciperet:
805 467 844 514 si
871 463 993 529 quos
1034 465 1225 514 inbellis
1256 479 1402 512 sexus
1427 472 1507 512 aut
1534 465 1663 513 fessa
1697 471 1829 513 aetas
1854 464 1934 511 vel

202 550 241 582 ιο
259 534 357 584 loci
399 534 605 583 dulcedo
631 537 912 596 attinuerat,
949 535 1008 584 ab
1036 535 1175 584 hoste
1203 536 1430 599 oppressi
1467 541 1589 582 sunt.
1645 533 1813 583 eadem
1839 533 1934 582 cla-

259 604 631 668 des'municipio
659 605 937 654 Verulamio
965 606 1078 667 fuit,
1122 606 1230 669 quia
1268 604 1457 653 barbari
1495 604 1685 653 omissis
1722 603 1934 654 castellis

259 673 612 740 praesidiisque
639 675 932 738 militarium,
969 675 1097 739 quod
1125 674 1409 723 uberrimum
1438 674 1664 740 spolianti
1693 682 1741 722 et
1772 673 1934 722 defen·

259 743 482 795 dentibus
508 745 729 807 intutum,
769 745 882 793 laeti
927 745 1107 808 praeda
1145 753 1191 793 et
1227 744 1445 794 laborum
1482 759 1663 808 segnes
1691 743 1933 810 petebant.

258 815 318 864 ad
355 814 662 879 septuaginta
691 814 819 863 milia
863 816 1034 863 civium
1074 823 1121 863 et
1152 817 1397 864 sociorum
1431 816 1489 864 iis
1517 829 1639 879 quae
1670 814 1935 862 memoravi

204 886 385 935 islocis
423 883 662 932 cecidisse
701 886 928 933 constitit.
988 901 1145 949 neque
1186 886 1308 933 enim
1338 900 1517 950 capere
1553 891 1632 934 aut
1661 884 1937 932 venundare

261 954 449 1004 aliudve
480 953 607 1017 quod
643 953 759 1002 belli
795 956 1165 1017 commercium,
1203 955 1289 1004 sed
1325 955 1503 1004 caedes
1543 954 1754 1019 patibula
1795 955 1936 1016 ignes

261 1040 462 1086 cruceS,
501 1031 737 1088 tamquam
771 1023 1002 1073 reddituri
1043 1025 1331 1090 supplicium
1368 1041 1425 1075 ac
1462 1031 1723 1090 praerepta
1749 1024 1935 1071 interim

261 1095 441 1157 ultione
458 1130 472 1156 ,
498 1093 805 1142 festinabant.

366 1165 452 1213 34.
491 1162 589 1211 Iam
629 1164 859 1212 Suetonio
902 1172 1068 1228 quarta
1109 1164 1307 1213 decuma
1347 1164 1478 1227 legio
1527 1179 1631 1212 cum
1669 1163 1937 1212 vexillariis

259 1234 597 1282 vicensimanis
637 1241 684 1281 et
727 1248 754 1282 e
798 1235 1031 1298 proximis
1076 1235 1359 1296 auxiliareS,
1404 1234 1573 1283 decem
1612 1234 1766 1282 ferme
1810 1231 1938 1280 milia

262 1311 549 1353 armatorum
590 1311 752 1366 erant,
805 1319 911 1352 cum
952 1305 1172 1354 omittere
1216 1305 1568 1354 cunctationem
1610 1311 1659 1352 et
1702 1301 1936 1366 congredi

261 1376 365 1423 acie
405 1380 558 1438 parat.
611 1372 878 1437 deligitque
916 1374 1075 1423 locum
1112 1377 1225 1423 artis
1250 1373 1468 1423 faucibus
1508 1381 1556 1422 et
1591 1388 1618 1423 a
1647 1381 1788 1436 tergo
1817 1371 1937 1420 silva

221 1458 240 1489 5
266 1443 501 1506 clausum,
539 1445 656 1491 satis
695 1445 893 1506 cognito
935 1445 1050 1493 nihil
1089 1445 1294 1493 hostium
1327 1446 1416 1492 nisi
1453 1446 1498 1492 in
1536 1444 1696 1492 fronte
1724 1450 1771 1490 et
1797 1457 1936 1507 aper·

261 1522 354 1563 tam
383 1512 625 1578 planitiem
651 1528 762 1561 esse
779 1550 793 1575 ,
832 1515 935 1562 sine
960 1522 1088 1562 metu
1114 1515 1405 1563 insidiarum.
1472 1515 1615 1578 igitur
1640 1513 1938 1576 legionarius

260 1584 493 1647 frequens
523 1583 796 1644 ordinibuS,
833 1584 956 1633 levis
987 1585 1163 1632 circum
1192 1592 1453 1646 armatura,
1496 1581 1815 1646 conglobatus
1847 1595 1936 1645 pro

263 1653 490 1702 cornibus
530 1668 680 1718 eques
719 1653 910 1702 adstitit.
983 1661 1029 1702 at
1058 1654 1390 1703 Britannorum
1429 1654 1599 1718 copiae
1636 1653 1814 1716 passim
1852 1665 1939 1714 per

266 1719 489 1772 catervas
530 1730 578 1770 et
601 1730 785 1770 turmas
814 1723 1144 1786 exsultabant,
1185 1731 1357 1788 quanta
1392 1737 1486 1771 non
1516 1722 1634 1771 alias
1669 1719 1938 1781 multitud0,

205 1806 244 1839 10
265 1800 312 1840 et
333 1793 491 1840 animo
517 1791 640 1841 adeo
669 1793 851 1854 feroci,
880 1800 929 1842 ut
956 1794 1188 1857 coniuges
1215 1807 1409 1858 quoque
1433 1800 1585 1841 testes
1609 1791 1842 1840 victoriae
1863 1805 1937 1838 se-

265 1876 369 1911 cum
397 1861 641 1910 traherent
667 1861 989 1927 plaustrisque
1016 1864 1328 1928 inponerent,
1357 1877 1478 1927 quae
1505 1876 1652 1926 super
1677 1867 1938 1909 extremum

263 1930 487 1980 ambitum
516 1932 674 1995 campi
703 1940 983 1996 posuerant.

369 2002 452 2051 35.
491 2000 735 2051 Boudicca
777 2018 918 2051 curru
955 2003 1077 2051 filias
1115 2019 1231 2067 prae
1270 2018 1323 2051 se
1357 2003 1568 2064 vehenS,
1615 2008 1663 2050 ut
1703 2014 1938 2064 quamque

263 2072 503 2120 nationem
540 2079 849 2135 accesserat,
911 2072 1101 2122 solitum
1150 2073 1338 2137 quidem
1380 2071 1614 2120 Britannis
1659 2070 1939 2118 feminarum

263 2141 406 2190 ductu
443 2140 628 2190 bellare
667 2141 958 2206 testabatur,
1007 2142 1092 2191 sed
1132 2151 1243 2190 tunc
1280 2157 1374 2190 non
1414 2149 1462 2190 ut
1502 2141 1643 2189 tantis
1679 2138 1938 2188 maioribus

265 2218 416 2260 ortam
458 2225 658 2274 regnum
696 2218 743 2259 et
772 2226 920 2276 opeS,
963 2226 1128 2260 verum
1169 2220 1217 2260 ut
1246 2227 1383 2261 unam
1418 2226 1444 2259 e
1484 2210 1632 2274 vulgo
1670 2210 1940 2258 libertatem

225 2297 245 2329 5
267 2281 515 2341 amissam,
567 2281 841 2329 confectum
879 2281 1164 2330 verberibus
1197 2295 1402 2346 corpuS,
1445 2285 1788 2329 contrectatam
1822 2278 1938 2327 iilia·

267 2364 365 2397 rum
398 2350 667 2414 pudicitiam
698 2350 883 2399 ulcisci.
937 2366 998 2400 eo
1033 2359 1292 2415 provectas
1319 2352 1643 2400 Romanorum
1673 2348 1938 2413 cupidineS,

266 2426 313 2466 ut
336 2433 434 2468 non
461 2433 698 2483 corpora,
738 2435 798 2468 ne
824 2428 1067 2469 senectam
1112 2421 1301 2485 quidem
1332 2428 1410 2470 aut
1437 2420 1758 2483 virginitatem
1785 2416 1938 2481 inpol-

267 2489 409 2537 lutam
436 2489 722 2552 relinquant.
771 2489 944 2538 adesse
985 2498 1142 2538 tamen
1176 2491 1297 2539 deos
1333 2491 1486 2539 iustae
1513 2489 1776 2538 vindictae:
1813 2488 1937 2535 ceci·

265 2558 396 2608 disse
431 2558 677 2621 legionem
712 2574 834 2624 quae
870 2559 1104 2624 proelium
1144 2575 1255 2610 ausa
1296 2562 1382 2615 sit:
1428 2567 1621 2608 ceteros
1654 2558 1824 2607 castris
1858 2570 1937 2604 oc-

207 2640 248 2674 ιο
268 2628 437 2677 cultari
473 2636 551 2677 aut
583 2629 747 2692 fugam
797 2630 1190 2694 circumspicere.
1270 2646 1330 2679 ne
1375 2631 1624 2693 strepitum
1663 2626 1851 2692 quidem
1892 2631 1940 2673 et

268 2697 526 2746 clamorem
563 2705 634 2746 tot
671 2699 874 2761 milium,
913 2700 1086 2748 nedum
1122 2701 1327 2764 impetus
1367 2707 1415 2748 et
1451 2714 1614 2747 manus
1646 2696 1921 2760 perlaturos

267 2767 307 2815 si
336 2768 503 2831 copias
531 2777 834 2830 armatorum,
863 2769 901 2816 si
930 2784 1102 2818 causas
1129 2769 1244 2818 belli
1272 2783 1436 2818 secum
1462 2766 1809 2831 expenderent,
1838 2766 1937 2813 vin-

269 2837 468 2884 cendum
494 2836 575 2884 iila
603 2840 706 2886 acie
735 2838 814 2885 vel
853 2838 1115 2887 cadendum
1143 2855 1269 2887 esse.
1339 2838 1384 2886 id
1414 2837 1597 2885 mulieri
1626 2836 1935 2884 destinatum:

267 2905 484 2953 viverent
511 2908 599 2953 viri
634 2916 679 2955 et
706 2909 960 2955 servirent.
