1976 3224
233 190 334 248 278
654 202 929 241 commun
960 205 1157 243 mortu
1184 207 1489 248 ANNALmM

229 329 446 395 pluribus
485 331 614 381 salus
655 334 758 380 eius
800 332 1079 397 curabatur,
1117 342 1164 382 et
1206 338 1408 399 spatium
1449 339 1633 388 itineris
1673 357 1730 391 ac
1767 347 1909 395 maris

227 407 514 465 tempusque
550 404 851 451 interiectum
888 411 1109 451 moverat
1144 404 1339 462 famam;
1379 408 1626 473 vulgoque
1663 411 1890 475 fingeban

227 473 429 535 petitum
469 471 528 520 ab
569 488 627 521 eo
662 471 1016 535 Corbulonem,
1055 477 1241 536 magnis
1278 484 1371 524 tum
1403 479 1698 530 exercitibus
1725 485 1906 546 praesi-

183 560 203 591 5
228 540 419 608 dentem
456 549 527 605 et,
581 543 698 592 clari
740 550 883 607 atque
930 545 1144 592 insontes
1187 545 1235 594 si
1269 547 1678 614 interficerentur,
1721 556 1906 616 praeci·

225 627 368 676 puum
406 612 465 660 ad
503 613 735 677 pericula.
789 614 901 678 quin
938 621 985 662 et
1023 613 1184 663 Asiam
1224 615 1392 665 favore
1431 619 1618 669 iuvenis
1656 636 1786 671 arma
1826 638 1903 672 ce-

222 683 385 747 pisse,
427 697 518 730 nec
557 683 734 732 milites
771 683 830 731 ad
868 684 1031 732 scelus
1061 685 1237 733 missos
1275 695 1353 735 aut
1391 702 1588 738 numero
1615 690 1803 740 validos
1829 701 1906 742 aut

222 754 380 801 animo
403 760 674 817 promptoS,
701 762 956 818 postquam
976 755 1104 803 iussa
1128 755 1330 805 efficere
1351 761 1675 822 nequiverint,
1703 761 1762 810 ad
1789 777 1904 827 spes

221 837 376 872 novas
422 825 672 872 transisse.
744 838 865 873 vana
908 824 1031 873 haec
1075 840 1210 874 more
1258 827 1413 876 famae
1463 830 1757 879 credentium
1804 834 1902 881 otio

164 906 204 940 10
222 892 545 956 augebantur;
576 901 789 943 ceterum
822 894 1023 943 libertus
1045 895 1196 944 Plauti
1220 897 1470 946 celeritate
1491 909 1743 949 ventorum
1765 917 1900 967 prae·

220 965 352 1012 venit
381 965 711 1012 centurionem
749 972 798 1013 et
826 963 1042 1013 mandata
1079 965 1128 1013 L.
1158 966 1350 1015 Antistii
1378 971 1536 1018 soceri
1564 971 1742 1020 attulit:
1784 973 1900 1021 effu-

219 1042 360 1097 geret
388 1049 589 1097 segnem
616 1042 843 1091 mortem;
876 1043 1111 1099 promtum
1141 1037 1393 1099 suffugium
1424 1053 1483 1087 ex
1511 1042 1670 1103 magni
1698 1043 1900 1090 nominis

218 1105 554 1161 miseratione3
583 1112 884 1169 reperturum
911 1105 1086 1167 bonos,
1117 1109 1502 1157 consociaturum
1533 1110 1767 1160 audaces:
1798 1112 1876 1160 nul
1928 1142 1929 1146 =

219 1175 315 1223 lum
360 1176 545 1223 interim
593 1175 852 1223 subsidium
903 1176 1269 1239 aspernandum.
1339 1179 1378 1225 si
1429 1180 1680 1242 sexaginta
1726 1181 1899 1230 milites

161 1258 202 1292 15
225 1247 321 1310 (tot
347 1246 470 1293 enim
499 1244 842 1308 adveniebant)
874 1246 1186 1310 propulisset,
1220 1246 1327 1296 dum
1352 1249 1561 1297 refertur
1589 1253 1779 1300 nuntius
1803 1250 1898 1300 Ne-

219 1316 354 1378 roni,
391 1315 497 1363 dum
534 1331 699 1364 manus
739 1315 829 1365 alia
864 1323 1107 1381 permeat,
1160 1317 1304 1366 multa
1340 1327 1564 1368 secutura
1599 1335 1722 1384 quae
1761 1321 1896 1370 adus-

219 1401 311 1450 que
349 1385 526 1434 bellum
565 1386 919 1435 evalescerent.
971 1386 1178 1450 denique
1217 1396 1295 1436 aut
1333 1389 1533 1437 salutem
1573 1391 1654 1438 tali
1693 1391 1896 1441 consilio

219 1458 417 1520 quaeri,
465 1464 542 1504 aut
588 1456 701 1504 nihil
749 1457 945 1518 gravius
993 1456 1182 1505 audenti
1233 1473 1371 1522 quam
1410 1460 1585 1523 ignavo
1625 1462 1884 1524 patiendur

218 1541 346 1574 esse.
1173 1537 1179 1550 ¹

323 1595 406 1645 59.
448 1596 543 1645 Sed
572 1597 785 1645 Plautum
816 1613 870 1646 ea
899 1611 993 1645 non
1019 1611 1245 1661 movere,
1279 1600 1385 1647 sive
1414 1600 1589 1648 nullam
1616 1615 1759 1666 opem
1785 1616 1894 1666 pro-

215 1665 411 1715 videbat
446 1667 639 1715 inermis
679 1675 819 1731 atque
870 1668 1008 1730 exul,
1058 1683 1143 1717 seu
1179 1668 1337 1717 taedio
1377 1669 1630 1732 ambiguae
1669 1672 1800 1735 spei,
1837 1686 1894 1720 an

217 1752 379 1786 amore
410 1738 630 1800 coniugis
657 1746 705 1785 et
730 1737 1007 1800 liberorum,
1038 1738 1207 1802 quibus
1236 1738 1599 1802 placabiliorem
1629 1740 1739 1789 fore
1767 1741 1892 1805 prin-

218 1810 374 1871 cipem
409 1806 604 1855 rebatur
646 1807 772 1856 nulla
809 1807 1131 1856 sollicitudine
1167 1809 1417 1857 turbatum.
1470 1818 1577 1858 sunt
1612 1811 1689 1874 qui
1718 1810 1841 1859 alios
1867 1825 1893 1858 a

219 1891 394 1926 socero
427 1879 617 1926 nuntios
648 1878 842 1925 venisse
870 1877 1053 1940 ferant,
1095 1886 1330 1942 tamquam
1365 1879 1478 1928 nihil
1516 1888 1657 1929 atrox
1683 1882 1891 1929 immine-

212 1955 311 2004 ret;
362 1947 689 2012 doctoresque
734 1949 1020 2011 sapientiae,
1072 1947 1342 1998 Coeranum
1378 1949 1579 2014 Graeci,
1625 1950 1889 1999 Musonium

212 2018 355 2066 Tusci
398 2019 624 2081 generis,
669 2019 983 2066 constantiam
1020 2019 1351 2084 opperiendae
1386 2022 1554 2068 mortis
1580 2035 1668 2086 pro
1705 2021 1889 2069 incerta

213 2096 259 2137 et
285 2087 471 2152 trepida
497 2090 591 2137 vita
629 2090 857 2136 suasisse.
911 2097 1134 2152 repertus
1170 2097 1243 2137 est
1281 2098 1413 2138 certe
1448 2105 1534 2153 per
1559 2090 1762 2139 medium
1796 2090 1889 2138 diei

213 2158 363 2206 nudus
418 2158 729 2207 exercitando
779 2160 994 2222 corpori.
1052 2159 1194 2208 talem
1232 2175 1336 2208 eum
1382 2161 1599 2208 centurio
1637 2159 1889 2208 trucidavit

158 2245 195 2278 10
215 2243 376 2276 coram
404 2228 652 2291 Pelagone
686 2228 918 2293 spadone,
947 2244 1086 2293 quem
1112 2229 1242 2277 Nero
1266 2231 1532 2278 centurioni
1558 2237 1605 2278 et
1626 2229 1886 2294 manipulo,

213 2298 346 2362 quasi
375 2299 659 2347 satellitibus
688 2300 947 2346 ministrum
986 2302 1197 2362 regium,
1231 2308 1598 2364 praeposuerat.
1652 2307 1795 2364 caput
1821 2301 1886 2347 in-

212 2368 402 2416 terfecti
427 2368 654 2425 relatum;
686 2370 818 2416 cuius
843 2378 1045 2432 aspectu
1074 2371 1207 2434 (ipsa
1231 2370 1460 2434 principis
1485 2370 1632 2418 verba
1650 2369 1884 2432 referam)

210 2438 375 2500 (ευτ’,
415 2439 561 2502 inquit
586 2438 747 2502 Nero,
780 2440 794 2462 ²
813 2437 943 2467 ***’
974 2447 1020 2487 et
1050 2440 1210 2503 posito
1237 2447 1362 2487 metu
1390 2441 1581 2504 nuptias
1609 2440 1883 2504 Poppaeae.

212 2507 273 2555 ob
312 2508 415 2556 eius
452 2508 579 2557 modi
617 2517 830 2557 terrores
868 2508 1062 2570 dilataS,
1105 2517 1340 2557 maturare
1379 2518 1513 2573 parat
1541 2509 1878 2571 Octaviamque

155 2591 194 2624 15
214 2578 465 2640 coniugem
492 2578 690 2641 amoliri,
726 2579 938 2642 quamvis
965 2579 1182 2627 modeste
1213 2587 1406 2642 ageret,
1445 2581 1633 2628 nomine
1662 2580 1810 2644 patris
1837 2585 1881 2625 et

213 2647 378 2695 studiis
412 2649 579 2713 populi
606 2664 823 2712 gravem.
879 2649 963 2697 sed
990 2649 1047 2697 ad
1076 2657 1290 2697 senatum
1310 2649 1475 2698 literas
1501 2651 1626 2698 misit
1646 2648 1706 2696 de
1731 2647 1880 2696 caede

212 2718 376 2766 Sullae
414 2719 664 2783 Plautique
704 2718 827 2767 haud
856 2719 1136 2782 confessus,
1176 2735 1338 2768 verum
1371 2722 1615 2783 utriusque
1646 2716 1879 2766 turbidum

212 2789 452 2849 ingenium
482 2805 608 2850 esse,
641 2796 687 2836 et
717 2789 807 2837 sibi
835 2790 1204 2838 incolumitatem
1234 2790 1303 2838 rei
1333 2789 1554 2853 publicae
1574 2802 1742 2850 magna
1767 2802 1877 2835 cura

211 2856 393 2905 haberi.
425 2858 651 2907 decretae
668 2873 725 2907 eo
744 2861 935 2907 nomine
959 2859 1354 2924 supplicationes,
1371 2867 1516 2922 utque
1532 2858 1663 2907 Sulla
1682 2864 1728 2904 et
1743 2857 1877 2905 Plau-

153 2937 197 2969 20
213 2932 286 2974 tus
315 2936 479 2975 senatu
508 2936 834 2991 moverentur,
867 2929 1171 2991 gravioribus
1203 2937 1294 2977 tum
1323 2928 1533 2976 ludibriis
1562 2942 1700 2991 quam
1725 2926 1878 2974 malis.
