1976 3224
235 207 304 257 60
590 210 595 216 '
666 216 940 254 CORNELII
962 216 1156 254 ΤΑΟΠῚ
1178 216 1483 255 ANNALmM

234 347 390 395 diVisa
417 360 624 409 namque
654 352 700 392 et
731 344 919 392 discors
947 345 1051 393 aula
1084 352 1187 393 erat
1214 345 1373 393 tacitis
1401 345 1447 392 in
1466 344 1669 394 Drusum
1696 353 1776 394 aut
1796 345 1910 396 Ger-

231 416 469 464 manicum
501 414 682 478 studiis.
740 413 962 462 Tiberius
989 422 1036 462 ut
1063 415 1311 478 proprium
1344 421 1392 462 et
1418 416 1488 462 sui
1516 416 1764 479 sanguinis
1789 415 1907 464 Dru-

233 501 336 535 sum
371 484 596 534 fovebat:
640 483 921 533 Germanico
963 484 1188 533 alienatio
1230 485 1386 548 patrui
1422 499 1634 533 amorem
1670 485 1796 550 apud
1831 500 1909 533 ce-

171 572 215 606 25
231 563 366 605 teros
394 561 620 616 auxerat,
664 561 711 601 et
750 555 857 617 quia
895 553 1177 602 claritudine
1213 555 1413 603 materni
1451 555 1650 618 generis
1686 553 1911 615 anteibat,

233 641 374 674 avum
411 624 474 673 M.
511 623 797 684 Antonium,
845 624 1129 672 avunculum
1165 624 1435 687 Augustum
1485 625 1665 673 ferens.
1744 631 1910 673 contra

229 695 391 743 Druso
424 709 636 759 proavus
674 708 826 758 eques
849 694 1092 743 Romanus
1118 694 1410 759 Pomponius
1436 694 1628 743 Atticus
1667 694 1911 743 dedecere

233 764 541 814 Claudiorum
567 765 801 826 imagines
826 763 1105 813 videbatur:
1138 772 1184 812 et
1207 765 1415 814 coniunx
1441 763 1711 814 Germanici
1730 764 1910 828 Agrip-

229 837 345 899 pina
371 833 666 882 fecunditate
697 849 754 882 ac
787 833 912 882 fama
941 834 1121 882 Liviam
1153 849 1356 882 uxorem
1377 834 1522 882 Drusi
1560 833 1910 898 praecellebat.

170 917 216 951 30
234 904 321 954 sed
358 905 533 953 fratres
574 904 776 966 egregie
814 903 1085 953 concordes
1123 911 1171 953 et
1209 905 1536 969 proximorum
1575 903 1911 952 certaminibus

227 974 524 1024 inconcussi.

336 1046 420 1093 44.
458 1043 563 1092 Nec
599 1044 745 1092 multo
785 1051 897 1108 post
932 1044 1115 1092 Drusus
1151 1045 1199 1093 in
1235 1044 1480 1106 Illyricum
1509 1045 1681 1093 missus
1724 1052 1823 1107 est,
1863 1052 1912 1092 ut

229 1121 484 1164 suesceret
519 1114 713 1162 militiae
756 1114 1009 1178 studiaque
1049 1116 1294 1163 exercitus
1337 1122 1530 1179 pararet
1544 1133 1555 1171 ;
1607 1114 1743 1162 simul
1778 1114 1906 1162 iuve-

228 1200 338 1233 nem
364 1183 548 1232 urbano
577 1183 692 1232 luxu
721 1184 1056 1232 lascivientem
1083 1185 1254 1233 melius
1284 1185 1331 1232 in
1363 1185 1535 1233 castris
1570 1183 1740 1232 haberi
1767 1183 1908 1233 Tibe-

227 1257 326 1303 rius
353 1269 504 1318 seque
528 1255 753 1302 tutiorem
779 1253 976 1302 rebatur
1003 1261 1209 1318 utroque
1240 1255 1340 1303 filio
1379 1254 1604 1317 legiones
1646 1253 1908 1302 obtinente.

184 1337 206 1369 5
229 1324 318 1374 sed
373 1323 520 1372 Suebi
577 1323 1017 1388 praetendebantur
1071 1325 1298 1373 auxilium
1344 1324 1577 1373 adversus
1634 1322 1912 1372 Cheruscos

229 1401 451 1450 orantes;
490 1408 598 1442 nam
634 1393 854 1442 discessu
890 1395 1217 1444 Romanorum
1257 1411 1314 1443 ac
1357 1394 1497 1443 vacui
1538 1401 1739 1442 externo
1785 1400 1912 1442 metu

229 1465 391 1528 gentis
421 1463 731 1512 adsuetudine
758 1470 809 1512 et
835 1471 931 1512 tum
957 1465 1278 1513 aemulatione
1299 1465 1489 1528 gloriae
1511 1478 1639 1513 arma
1659 1464 1705 1511 in
1730 1478 1787 1511 se
1802 1477 1911 1511 ver·

226 1541 400 1583 terant.
449 1533 524 1582 vis
544 1534 803 1597 nationum,
824 1534 974 1582 virtus
994 1534 1164 1583 ducum
1186 1535 1231 1582 in
1254 1549 1437 1598 aequo;
1468 1541 1543 1582 set
1565 1532 1913 1582 Maroboduum

226 1605 361 1667 regis
387 1600 560 1652 nemen
583 1604 789 1653 invisum
816 1604 943 1669 apud
970 1605 1252 1669 populareS,
1282 1604 1545 1653 Arminium
1573 1618 1662 1668 pro
1687 1602 1914 1651 libertate

176 1689 211 1722 ιο
229 1673 493 1722 bellantem
526 1674 668 1723 favor
695 1673 919 1723 habebat.

334 1745 418 1791 45.
457 1743 610 1806 Igitur
643 1758 739 1791 non
765 1743 911 1792 modo
940 1742 1173 1792 Cherusci
1200 1744 1420 1807 sociique
1446 1758 1631 1806 eorum,
1661 1750 1801 1790 vetus
1820 1742 1910 1790 Ar·

231 1814 361 1862 minii
393 1809 550 1875 mileS,
590 1827 842 1877 sumpsere
870 1812 1066 1877 bellum,
1097 1813 1184 1862 sed
1213 1829 1238 1861 e
1264 1827 1418 1876 regno
1458 1814 1598 1862 etiam
1624 1811 1911 1862 Marobodui

229 1883 422 1932 Suebae
447 1891 650 1947 genteS,
696 1883 963 1932 Semnones
993 1899 1049 1932 ac
1073 1883 1406 1947 Langobardi,
1441 1881 1671 1932 defecere
1699 1881 1757 1930 ad
1787 1896 1910 1930 eum.

229 1953 402 2017 quibus
430 1952 602 2001 additis
629 1953 993 2017 praepollebat,
1021 1955 1067 2001 ni
1100 1953 1435 2016 Inguiomerus
1464 1967 1569 2001 cum
1594 1967 1732 2001 manu
1764 1951 1908 1999 clien-

188 2039 208 2071 5
229 2025 343 2071 tium
364 2022 424 2070 ad
447 2022 796 2071 Maroboduum
822 2019 1137 2087 perfugisset,
1162 2037 1258 2071 non
1286 2022 1424 2071 aliam
1453 2022 1515 2071 ob
1550 2037 1741 2071 causam
1772 2024 1910 2085 quam

188 2146 198 2153 ,
227 2094 336 2157 quia
363 2092 524 2141 fratris
562 2093 659 2141 filio
700 2094 860 2141 iuveni
899 2101 1095 2157 patruus
1133 2108 1286 2142 senex
1324 2107 1499 2156 parere
1542 2090 1907 2154 dedignabatur.

224 2163 509 2225 deriguntur
535 2163 687 2225 acies,
728 2163 834 2227 pari
865 2164 1100 2227 utrimque
1130 2179 1237 2227 spe,
1264 2177 1384 2224 nec,
1423 2170 1472 2210 ut
1499 2161 1611 2211 olim
1639 2160 1765 2225 apud
1792 2158 1907 2208 Ger-

224 2247 421 2295 manOS,
458 2233 596 2295 vagis
631 2231 910 2280 incursibus·
942 2240 1020 2280 aut
1058 2232 1286 2281 disiectas
1312 2246 1402 2296 per
1439 2238 1690 2279 catervas:
1727 2230 1908 2294 quippe

224 2301 375 2363 longa
398 2301 651 2349 adversum
679 2317 768 2350 nos
794 2302 960 2350 militia
988 2302 1299 2350 insueverant
1330 2302 1468 2364 sequi
1496 2302 1652 2363 signa,
1683 2298 1909 2348 subsidiis

167 2382 210 2416 10
228 2371 420 2433 firmari,
448 2369 574 2419 dicta
596 2372 935 2435 imperatorum
966 2372 1210 2434 accipere
1272 2384 1331 2418 ac
1370 2377 1480 2418 tunc
1507 2369 1751 2418 Arminius
1778 2381 1905 2431 equo

225 2440 533 2489 conlustrans
562 2447 761 2502 cuncta,
799 2447 849 2487 ut
886 2454 1106 2505 quosque
1147 2433 1379 2489 advectus
1415 2447 1544 2502 erat,
1585 2440 1906 2502 reciperatam

222 2509 523 2571 libertatem,
574 2509 833 2558 trucidatas
867 2509 1118 2572 legiones,
1169 2509 1326 2572 spolia
1378 2508 1531 2558 adhuc
1581 2516 1628 2557 et
1662 2508 1756 2556 tela
1807 2507 1904 2555 Ro·

220 2581 376 2628 manis
414 2579 617 2643 derepta
656 2580 702 2626 in
737 2578 952 2627 manibus
990 2578 1245 2627 multorum
1289 2577 1589 2635 ostentabat;
1634 2584 1799 2626 contra
1835 2577 1903 2625 fu-

220 2665 395 2712 gacem
433 2648 779 2697 Maroboduum
818 2631 1100 2712 appellanS,
1140 2648 1434 2712 proeliorum
1473 2654 1750 2712 expertem,
1786 2646 1902 2694 Her-

165 2732 208 2766 1⁵
226 2720 398 2779 cyniae
431 2718 633 2767 latebris
673 2718 944 2773 defensum;
993 2733 1050 2766 ac
1096 2731 1208 2766 mox
1257 2733 1345 2782 per
1383 2718 1507 2765 dona
1547 2723 1595 2764 et
1631 2716 1904 2777 legationes

221 2790 457 2851 petivisse
490 2788 689 2851 foeduS,
747 2788 1045 2852 proditorem
1091 2789 1304 2852 patriae,
1356 2787 1612 2835 satellitem
1662 2784 1903 2846 CaesariS,

221 2855 349 2904 hand
376 2859 527 2905 minus
554 2858 752 2906 infensis
784 2858 948 2905 animis
983 2856 1326 2905 exturbandum
1365 2871 1503 2920 quam
1543 2857 1722 2904 Varum
1761 2854 1903 2915 Quin-

219 2925 370 2973 tilium
401 2927 745 2975 interfecerint.
813 2926 1137 2974 meminissent
1161 2925 1304 2974 modo
1330 2933 1400 2973 tot
1425 2924 1750 2989 proeliorum,
1788 2937 1902 2988 quo-
