1982 3216
209 205 295 242 XII
690 202 1142 243 COMMENTARIUS
1172 205 1450 244 CRITICUS.

347 334 442 392 44,
479 341 506 384 6
533 349 586 381 ac
615 334 658 381 0
677 346 739 381 ex
761 335 1061 394 yeminatione
1084 349 1208 395 seqq.
1232 339 1309 381 litt.
1338 352 1423 382 uac
1441 344 1588 383 ortum
1606 347 1745 398 putat
1775 338 1783 406 Ι
1815 347 1839 392 7
1869 350 1915 390 et

206 406 421 450 Ernestio
441 410 700 464 suspectum
717 410 840 454 ercet,-
865 410 914 450 at
935 411 1017 450 est
1025 411 1072 451 et
1088 411 1179 451 tum
1198 412 1403 451 nostrum
1423 403 1533 453 ‘und
1559 410 1732 456 damals
1753 413 1913 471 noch',

207 479 332 533 ut3,
359 480 442 527 18;
479 480 533 532 4,
559 480 640 528 283
682 481 763 532 11,
792 479 847 522 12
873 480 955 521 etc.

345 541 441 603 45,
477 550 506 593 8
542 558 643 603 pec.
666 549 821 590 ternas
861 541 976 606 (sic)
1032 539 1037 602 Ι
1092 550 1145 594 19
1181 546 1345 592 electis
1404 540 1410 606 Ι
1465 543 1565 604 46,
1612 554 1640 597 3
1675 562 1772 596 oms
1810 565 1914 596 cum

206 615 311 670 lim,
342 617 372 659 i.
394 627 432 660 e.
463 628 646 670 omnes,
682 615 795 674 fort.
817 627 880 659 ex
906 629 1040 660 omne
1070 629 1176 660 esse
1209 611 1215 677 Ι
1251 621 1306 663 14
1330 617 1509 665 recenti
1536 617 1572 661 L
1605 618 1613 677 Ι
1647 624 1703 667 18
1727 634 1784 665 ne
1817 614 1828 685 Ι
1860 629 1915 672 19

206 698 582 741 marcomannos,
618 686 702 733 sed
730 690 786 741 2,
823 689 878 733 62
903 698 1324 742 marcomanorum,
1359 692 1408 731 ut
1441 687 1571 731 codd.
1602 688 1753 733 Germ.
1789 704 1829 736 c.
1857 697 1914 738 42

204 758 248 799 ec
276 767 472 800 monum.
501 754 676 813 Ancyr.
705 754 790 798 tab.
816 759 869 811 6,
895 760 950 812 3,
987 754 1099 800 Stat.
1125 754 1233 802 Silv.
1264 757 1352 812 111,
1389 761 1443 813 3,
1484 761 1592 805 170:
1634 772 1751 816 quae
1776 761 1911 806 modo

204 823 522 870 Marcomanos
549 829 657 883 post
683 824 873 870 horrida
900 825 1026 870 bella
1052 839 1294 884 vagosque
1319 830 1401 870 etc.

344 892 438 950 47,
476 898 505 941 4
533 894 744 940 deductis
777 889 785 957 Ι
818 900 844 941 5
873 894 1003 940 enisa
1030 894 1076 939 in
1104 895 1292 941 arduum
1311 895 1368 942 H
1392 894 1398 955 Ι
1433 901 1485 942 11
1513 895 1911 955 Apollonidenses

201 964 270 1008 E·
310 963 687 1023 apollonienseS,
711 969 761 1009 ut
783 963 957 1008 libriin
983 963 1074 1010 Cic.
1101 978 1170 1010 or.
1195 979 1249 1023 p.
1278 965 1454 1010 Flacco
1482 962 1534 1024 ὅ.
1558 969 1641 1023 71,
1666 966 1912 1026 Apolloni-

203 1034 391 1079 dienses
423 1032 482 1088 0,
523 1039 574 1079 ut
609 1034 740 1079 codd.
766 1034 935 1079 habent
958 1048 1011 1092 p.
1038 1034 1211 1079 Flacco
1247 1032 1299 1094 ὅ.
1329 1037 1387 1080 79
1414 1037 1528 1080 etin
1554 1034 1672 1081 Plin.
1701 1051 1746 1081 n.
1771 1036 1819 1083 h.
1857 1038 1911 1094 V,

202 1100 253 1161 ὅ.
283 1106 403 1154 126;
434 1117 476 1149 v.
511 1103 560 1149 0.
580 1103 707 1149 Jahn
730 1105 778 1149 in
804 1103 1047 1163 Leipzzqer
1070 1105 1286 1150 Bene-lete
1320 1101 1500 1166 (1851)
1529 1103 1638 1161 ΙΙΙ,
1668 1109 1764 1152 148
1805 1100 1813 1171 Ι
1861 1113 1912 1155 12

203 1178 304 1218 aut:
346 1178 393 1218 et
421 1173 498 1232 qui
524 1175 593 1224 F,·
627 1179 675 1218 αι
695 1189 736 1220 v.
763 1187 915 1232 supra
939 1174 1002 1218 ad
1029 1180 1163 1231 1,16
1195 1168 1202 1236 Ι
1235 1181 1289 1222 15
1315 1174 1502 1220 Aletius
1530 1175 1589 1221 O.-
1629 1175 1777 1222 aletus

342 1239 438 1300 48,
475 1247 501 1292 7
530 1244 776 1290 nobilitate
801 1244 1011 1311 utris—que
1044 1238 1053 1308 Ι
1087 1250 1142 1294 13
1167 1244 1422 1302 sullamquc
1451 1244 1657 1290 uitellum

343 1310 439 1370 49,
477 1319 504 1363 3
531 1328 663 1372 quam
693 1314 756 1359 L.-
786 1328 900 1372 quas
935 1309 941 1377 Ι
975 1320 1002 1364 6
1028 1315 1198 1360 duilius
1229 1312 1465 1376 (Duellius
1488 1311 1589 1374 He)
1624 1308 1631 1378 Ι
1663 1320 1692 1364 8
1718 1330 1742 1361 a
1769 1316 1838 1360 B.-
1864 1316 1908 1361 in

203 1378 336 1440 (dein
363 1380 433 1443 D)
466 1377 473 1447 Ι
507 1384 561 1429 Α.
590 1384 763 1430 Atilius
790 1384 862 1429 N.-
900 1385 1094 1431 iatillius

342 1451 432 1508 50,
472 1459 499 1500 2
525 1454 763 1511 uariliam,
793 1466 879 1499 em.
903 1455 1134 1514 Borqhesi
1153 1451 1443 1514 (Marcellam
1469 1450 1542 1513 Ν)

342 1518 438 1580 52,
469 1529 496 1570 2
521 1524 763 1570 auxiliaris
789 1524 828 1568 L
861 1519 869 1589 Ι
901 1530 927 1573 6
954 1526 1132 1570 musula
1158 1524 1380 1570 maiorum
1414 1517 1422 1585 Ι
1455 1523 1619 1570 ualide'
1637 1538 1781 1582 agens
1814 1518 1821 1588 Ι
1855 1531 1912 1573 10

200 1592 449 1651 disciplina
482 1600 552 1651 et,
598 1606 682 1639 em.
707 1594 874 1639 Peon.
911 1600 965 1651 1,
1001 1600 1079 1647 31;
1119 1599 1175 1651 2,
1209 1598 1290 1646 443
1329 1599 1410 1649 15,
1449 1598 1534 1650 31,
1571 1595 1677 1639 add.
1710 1599 1791 1651 13,
1828 1598 1908 1647 42;

198 1662 260 1707 Η.
287 1668 340 1721 2,
374 1667 430 1711 32
462 1657 469 1727 Ι
505 1668 559 1710 12
586 1664 754 1709 cnitios
790 1662 797 1720 Ι
831 1671 884 1712 15
914 1664 1260 1709 similitudinem

341 1729 437 1790 53,
476 1740 499 1781 1
538 1733 722 1778 tertium
759 1734 811 1779 N
819 1754 833 1784 ‚·
874 1748 916 1779 v.
953 1733 1115 1778 Haase
1152 1734 1214 1778 ad
1248 1733 1437 1791 Reisiyii
1470 1733 1608 1778 schol.
1636 1732 1688 1777 L.
1728 1732 1778 1777 L.
1816 1738 1907 1778 nol.

201 1804 296 1847 207
329 1801 335 1861 Ι
371 1807 425 1850 12
456 1803 677 1862 excipere
757 1833 762 1838 -

340 1870 435 1930 54,
472 1877 501 1921 8
527 1873 652 1919 adito
679 1873 764 1919 Ilio
797 1874 845 1918 J.
874 1873 977 1919 Sev.
1016 1872 1179 1918 Vater:
1212 1872 1304 1917 alio

339 1939 434 1999 55,
467 1949 493 1991 5
521 1943 736 1988 conluuie
763 1943 933 1989 miliam
967 1937 972 2006 Ι
1004 1947 1061 1992 29
1087 1941 1346 1998 incidebat,
1373 1954 1456 1987 em.
1483 1941 1522 1986 L

338 2008 433 2069 56,
472 2018 495 2060 1
525 2017 571 2057 et
596 2011 660 2056 P.-
700 2018 771 2058 set
804 2009 811 2075 Ι
846 2017 900 2061 16
928 2011 1204 2067 seruaeius,
1231 2023 1314 2055 em.
1341 2010 1381 2056 L

338 2078 431 2139 57,
470 2087 523 2131 11
561 2082 997 2141 discesseruntque,
1033 2094 1119 2126 em.
1144 2082 1189 2127 P
1230 2078 1237 2139 Ι
1281 2085 1334 2128 12
1361 2079 1533 2139 apertis
1569 2079 1634 2124 L.-
1681 2080 1858 2139 opertis
1898 2076 1904 2144 Ι

195 2155 303 2208 post
329 2147 446 2209 quae
471 2150 666 2196 MetP:
696 2157 922 2211 postque,
951 2150 1016 2210 cf.
1039 2157 1092 2208 l,
1119 2157 1200 2204 133
1227 2155 1283 2208 2,
1308 2155 1390 2202 86;
1432 2155 1482 2206 3,
1510 2156 1578 2197 11.
1612 2153 1691 2202 17;
1718 2156 1798 2206 15,
1824 2155 1905 2203 63;

197 2220 255 2263 ob
286 2233 403 2277 quae
429 2226 481 2278 2,
508 2227 588 2274 30;
628 2227 736 2280 post
763 2236 895 2280 quem
921 2227 974 2278 3,
1002 2226 1081 2273 13;
1132 2225 1241 2279 post
1269 2233 1385 2278 quos
1414 2224 1579 2275 6,19,
1617 2223 1668 2263 ut
1698 2218 1813 2264 nihil
1836 2219 1904 2263 di-

195 2300 296 2333 cam
321 2290 376 2334 de
397 2289 772 2348 frequentissima
798 2292 1078 2335 transitzonis
1099 2290 1308 2348 formula
1334 2289 1456 2333 inter
1483 2302 1602 2346 quae

337 2355 491 2416 58,1
519 2362 679 2405 uenire
714 2356 722 2425 Ι
757 2358 850 2417 59,
888 2367 913 2408 5
943 2359 1135 2405 amictus
1170 2354 1177 2422 Ι
1211 2365 1261 2406 11
1292 2357 1521 2418 permissu
1548 2371 1634 2403 suo
1673 2357 1833 2402 Wurm

338 2426 432 2486 60,
471 2436 496 2477 5
524 2430 765 2487 delectus,
793 2443 879 2475 em.
905 2422 1015 2492 JGl
1053 2434 1125 2474 est
1149 2429 1258 2474 add.
1280 2429 1326 2473 P

338 2495 432 2556 61,
471 2503 497 2546 7
524 2500 868 2557 penetrabiles,
895 2511 978 2543 em.
1007 2498 1046 2543 L
1080 2498 1085 2554 Ι
1122 2503 1175 2545 12
1201 2498 1471 2554 transtulat,
1497 2508 1580 2541 em.
1607 2495 1654 2539 Ε

339 2565 433 2625 63,
473 2574 496 2615 1
523 2569 807 2614 marobuduo
835 2582 917 2627 pr.
948 2582 1035 2624 m.,
1070 2569 1125 2612 de
1148 2582 1240 2625 qua
1264 2567 1422 2625 forma
1451 2581 1491 2612 v.
1521 2564 1616 2610 Otto
1643 2565 1707 2608 ad
1727 2563 1773 2610 h.
1800 2565 1825 2608 l.
1850 2578 1902 2621 p.

195 2643 279 2686 395
323 2631 331 2699 Ι
374 2643 428 2686 12
463 2638 507 2682 ei
533 2639 599 2682 B.-
644 2643 690 2683 et
732 2634 740 2701 Ι
784 2642 838 2685 14
863 2638 903 2682 si
929 2637 998 2681 R.-
1037 2651 1094 2682 ne
1134 2637 1173 2682 si
1209 2633 1342 2697 (inde
1369 2635 1408 2680 si
1445 2631 1534 2694 W)
1577 2627 1585 2697 Ι
1630 2640 1683 2682 15
1710 2633 1904 2690 reditus,
1957 2653 1961 2656 ¹

197 2717 280 2751 em.
311 2707 356 2751 R

340 2773 404 2821 64
421 2810 435 2833 ,
470 2781 524 2825 14
548 2777 788 2823 resistenti
816 2777 906 2822 vim
931 2775 1005 2821 R.-
1033 2775 1350 2822 resistentium

338 2842 431 2902 65,
470 2851 526 2893 14
550 2848 797 2891 Bastarnas
832 2845 905 2901 R,
941 2850 992 2890 ut
1027 2849 1095 2890 est
1130 2847 1177 2890 in
1215 2858 1414 2889 monum.
1453 2842 1628 2900 Ancyr.
1659 2841 1746 2886 tab.
1767 2847 1821 2898 5,
1846 2845 1903 2889 52

339 2911 433 2970 66,
466 2921 485 2961 1
515 2916 721 2960 Pandusa
750 2915 817 2959 N.-
846 2915 1023 2972 pandus
1057 2909 1063 2977 Ι
1096 2918 1125 2961 4
1147 2914 1256 2971 coti?
1286 2907 1292 2974 Ι
1326 2918 1353 2961 6
1379 2912 1579 2970 padusa,
1607 2922 1689 2955 em.
1720 2909 1769 2954 N
