2008 3230
210 199 276 250 26
616 208 891 247 commun
918 209 1114 248 TAc1T1
1141 211 1445 250 ANNALIUM

207 339 325 388 belli
350 339 518 400 timor,
560 351 617 386 ac
653 351 714 385 ne
739 351 846 402 pax
884 337 1073 402 quidem
1110 339 1200 386 nisi
1236 338 1460 403 languida
1493 346 1539 388 et
1574 339 1730 388 soluta
1752 339 1873 388 inter

205 408 513 458 temulentos.

311 479 394 528 51.
431 474 612 525 Caesar
639 475 802 524 avidas
827 475 1078 540 legiones,
1119 492 1213 541 quo
1251 478 1393 526 latior
1437 477 1872 542 populatioforet,

204 554 430 614 quattuor
464 547 511 594 in
550 559 730 594 cuneos
770 545 1013 609 dispertit3
1069 548 1411 611 quinquaginta
1457 547 1635 595 milium
1671 547 1872 610 spatium

205 619 338 667 ferro
367 615 659 679 flammisque
690 622 950 680 pervastat.
999 630 1096 664 non
1129 631 1289 679 sexuS‚
1315 630 1412 664 non
1440 623 1574 665 aetas
1601 616 1868 665 miseratio·

205 701 313 735 nem
344 685 520 734 attulit:
549 684 752 749 profana
779 684 918 732 simul
944 692 993 733 et
1020 699 1158 734 sacra
1187 692 1234 733 et
1255 684 1619 734 celeberrimum
1640 684 1734 733 illis
1755 700 1870 748 gen·

162 766 187 799 :⁵
207 756 330 805 tibus
355 754 582 818 templum
610 753 738 818 quod
769 753 1025 803 Tamfanae
1045 754 1285 804 vocabant
1305 755 1414 803 solo
1441 761 1716 818 aequantur.
1770 756 1872 802 sine

203 826 404 873 vulnere
432 824 621 886 militeS,
654 823 733 887 qui
758 823 1091 887 semisomnw,
1119 825 1329 872 inermos
1353 831 1432 872 aut
1452 824 1657 889 palantis
1685 823 1872 872 cecide·

203 902 323 944 rant.
377 894 552 942 excivit
579 907 634 941 ea
665 892 839 941 caedes
865 892 1144 957 BructeroS,
1175 893 1417 942 Tubantes
1433 918 1449 954 >.,
1486 894 1742 958 Usipetes;
1779 892 1871 942 sal·

203 972 376 1028 tusque
405 978 493 1028 per
519 977 640 1027 quos
672 962 906 1010 exercitui
933 977 1188 1025 regressus
1218 962 1457 1011 insedere.
1517 962 1646 1027 quod
1675 977 1873 1026 gnarum

205 1034 312 1082 duci
339 1033 632 1096 incessitque
658 1032 816 1079 itineri
846 1037 893 1080 et
913 1033 1119 1097 proelio.
1166 1048 1277 1097 pars
1300 1034 1507 1096 equitum
1529 1040 1576 1082 et
1595 1032 1872 1081 auxiliariae

145 1114 186 1147 10
206 1103 435 1153 cohortes
461 1101 715 1164 ducebant,
741 1115 854 1150 mox
881 1103 1030 1165 prima
1055 1102 1215 1165 legin,
1256 1109 1303 1150 et
1326 1102 1495 1151 mediis
1521 1101 1872 1166 impedimentis

204 1173 444 1222 sinistrum
482 1172 604 1220 latus
646 1172 1101 1235 unetvicensimani‚
1141 1171 1358 1220 dextrum
1398 1172 1607 1236 quintani
1632 1171 1870 1233 clausere,

202 1242 463 1291 vicensima
500 1241 632 1303 legio
678 1248 814 1303 terga
853 1241 1079 1304 firmavit,
1123 1248 1234 1307 post
1273 1243 1424 1290 ceteri
1465 1243 1724 1290 sociorum.
1786 1240 1872 1289 sed

202 1313 396 1373 hosteS‚
435 1310 591 1358 donec
619 1324 791 1372 agmen
819 1325 907 1374 per
949 1310 1097 1359 saltus
1124 1312 1482 1375 porrigeretur,
1521 1311 1724 1374 immoti,
1764 1310 1872 1359 dein

202 1382 354 1430 latera
382 1386 428 1428 et
458 1380 665 1428 frontem
691 1379 878 1427 modice
906 1379 1226 1443 adsultanteS‚
1262 1387 1362 1429 tota
1403 1380 1451 1427 vi
1486 1382 1778 1430 novissimos
1805 1381 1871 1428 in-

145 1461 186 1495 15
204 1464 416 1500 currere.
469 1448 875 1512 turbabanturque
917 1449 1078 1498 densis
1108 1449 1453 1499 Germanorum
1490 1450 1696 1498 catervis
1733 1450 1871 1498 leves

204 1520 450 1581 cohorteS‚
486 1534 590 1567 cum
619 1517 799 1567 Caesar
830 1514 1061 1567 aduectus
1085 1519 1143 1568 ad
1168 1520 1522 1568 vicensimanos
1548 1533 1671 1568 voce
1697 1533 1870 1582 magna

201 1591 296 1639 hoc
325 1588 441 1637 illud
475 1596 662 1653 tempus
703 1588 1032 1638 obliterandae
1069 1588 1317 1637 seditionis
1360 1587 1655 1638 clamitabat:
1693 1603 1868 1654 perge·

201 1666 323 1722 rent,
352 1666 671 1723 properarent
700 1658 888 1722 eulpam
913 1659 959 1706 in
989 1655 1137 1707 decus
1162 1665 1374 1706 vertere.
1434 1673 1663 1707 exarsere
1703 1659 1870 1707 animis

201 1742 391 1792 unoque
418 1728 596 1791 impetu
622 1734 899 1791 perruptum
926 1727 1113 1776 hostem
1139 1727 1362 1790 redigunt
1385 1728 1432 1775 in
1454 1734 1620 1791 aperta
1644 1726 1869 1775 caedunt-

144 1804 185 1837 20
202 1813 318 1862 que:
348 1796 484 1845 simul
526 1797 675 1860 primi.
712 1798 913 1859 agminis
966 1799 1137 1861 copiae
1186 1811 1390 1846 evasere
1427 1796 1574 1845 silvas
1612 1804 1869 1861 castraque

202 1869 572 1915 communivere.
627 1866 834 1930 quietum
873 1865 981 1914 inde
1018 1868 1137 1929 iter,
1187 1866 1437 1930 fidensque
1486 1865 1763 1914 recentibus
1811 1880 1868 1932 ac

202 1938 412 2002 priorum
441 1934 618 1983 oblitus
643 1935 781 1983 miles
809 1936 854 1983 in
883 1935 1094 1994 hibernis
1121 1935 1324 1984 locatur.

304 2005 388 2055 52.
420 2003 642 2053 Nuntiata
669 2019 726 2052 ea
752 2003 993 2053 Tiberium
1018 2006 1197 2055 laetitia
1227 2019 1440 2069 curaque
1469 2005 1723 2062 adiecere:
1751 2019 1866 2068 gau-

200 2074 343 2123 debat
367 2089 652 2139 oppressam
673 2073 956 2122 seditionem
974 2111 987 2136 ,
1017 2074 1102 2123 sed
1129 2074 1257 2138 quod
1282 2074 1546 2137 largiendis
1577 2075 1793 2139 pecuniis
1821 2081 1869 2122 et

197 2145 425 2193 missione
453 2143 675 2192 festinata
697 2143 913 2191 favorem
943 2144 1139 2192 militum
1167 2144 1513 2208 quaesivisset,
1543 2143 1722 2192 bellica
1751 2157 1867 2207 quo·

199 2228 290 2276 que
317 2212 585 2262 Germanici
613 2212 770 2275 gloria
801 2213 1080 2275 angebatur.
1141 2212 1324 2262 rettulit
1361 2220 1519 2260 tamen
1556 2211 1615 2261 ad
1653 2219 1868 2261 senatum

155 2298 173 2330 5
195 2281 254 2329 de
280 2281 426 2329 rebus
451 2282 604 2343 gestis
640 2281 882 2345 multaque
919 2282 977 2331 de
1013 2283 1187 2330 virtute
1227 2283 1327 2330 eius
1365 2282 1674 2345 memoravit,
1712 2282 1868 2344 magis

195 2351 243 2398 in
270 2351 485 2415 speciem
513 2349 675 2398 verbis
702 2349 929 2399 adornata
956 2366 1094 2414 quam
1121 2358 1167 2399 ut
1193 2352 1385 2415 penitus
1423 2352 1602 2399 sentire
1642 2350 1866 2399 credere-

195 2427 284 2468 tur.
330 2418 638 2483 paucioribus
664 2418 868 2467 Drusum
899 2427 946 2468 et
974 2421 1114 2468 tinem
1138 2419 1317 2481 Illyrici
1344 2427 1499 2468 motus
1525 2419 1749 2482 laudavit,
1780 2418 1867 2467 sed

194 2489 421 2537 intentior
463 2495 511 2536 et
556 2487 647 2536 fida
672 2489 920 2537 oratione.
982 2497 1250 2552 cunctaque
1289 2504 1411 2553 quae
1449 2488 1756 2538 Germanicus
1797 2489 1863 2536 in-

198 2557 427 2620 dulserat,
457 2558 670 2606 servavit
694 2557 834 2606 etiam
860 2558 985 2622 apud
1013 2558 1316 2607 Pannonicos
1346 2559 1606 2607 exercitus.

300 2627 383 2677 53.
422 2625 607 2675 Eodem
638 2641 761 2675 anno
788 2626 907 2676 Iulia
937 2642 1207 2691 supremum
1239 2627 1363 2676 diem
1391 2627 1531 2690 obiit,
1570 2627 1633 2675 ob
1664 2626 1862 2691 impudi-

197 2697 353 2744 citiam
381 2696 493 2744 olim
520 2711 546 2745 a
583 2703 719 2759 patre
745 2695 966 2758 Augusto
993 2697 1275 2746 Pandateria
1313 2697 1492 2759 insula,
1531 2711 1644 2745 mox
1681 2695 1862 2761 oppido

194 2764 514 2827 Reginorum,
545 2766 623 2828 qui
651 2765 861 2813 Siculum
898 2766 1070 2814 fretum
1096 2766 1347 2829 accolunt,
1388 2766 1566 2814 clausa.
1622 2765 1778 2814 fuerat
1817 2765 1863 2812 in

195 2834 493 2883 matrimonio
539 2834 718 2882 Tiberii
769 2834 1050 2884 florentibus
1095 2835 1213 2884 Gaio
1277 2842 1324 2882 et
1370 2834 1516 2883 Lucio
1572 2830 1863 2882 Caesaribus

153 2920 175 2952 5
197 2910 545 2966 spreveratque
574 2910 623 2950 ut
648 2904 890 2967 inparem;
926 2918 1017 2952 nec
1053 2904 1145 2952 alia
1181 2911 1274 2952 tam
1310 2904 1468 2951 intima
1494 2902 1688 2952 Tiberio
1719 2915 1858 2951 causa
