1950 3210
574 246 1030 285 COMMENTARIUS
1061 246 1342 287 CR-ITICUS.
1604 249 1812 287 XXXVII

750 418 965 466 LIBER
1001 419 1151 466 XIII.

248 533 302 592 1,
340 541 368 582 2
393 539 602 594 patratur
630 532 848 577 Aurelius
880 524 891 595 Ι
922 538 949 580 3
974 532 1146 577 exitum
1179 526 1186 595 Ι
1220 538 1272 580 11
1306 534 1535 592 celeiius,
1566 547 1651 580 em.
1679 535 1718 580 L
1753 547 1816 581 ex

102 617 143 650 c.
169 610 226 654 33
256 597 265 669 Ι
298 604 459 650 Helius
488 602 651 662 Ryclc:
678 601 827 648 aelius
861 595 869 665 Ι
903 607 957 650 16
986 601 1189 659 adigitur
1217 603 1277 646 al.

208 696 210 698 ’
243 685 304 745 2,
340 688 428 734 21i
460 681 469 751 Ι
502 692 709 746 3parum
735 686 781 730 in
808 686 1300 745 societate‘potentiae
1330 692 1377 731 et
1403 690 1693 755 concordes,
1729 702 1811 736 em.

103 757 358 809 Booehorm
395 770 637 816 perrarum
662 756 708 802 D
733 756 841 800 mal.
887 753 893 814 Ι
936 762 961 803 5
993 755 1159 801 comite
1203 749 1210 817 Ι
1252 762 1307 804 13
1337 771 1449 803 suae
1483 755 1488 821 Ι
1535 766 1587 807 15
1616 760 1812 807 decreti.

103 832 202 874 etas
229 832 392 874 senatu

244 894 303 953 3,
342 903 398 945 10
433 910 491 942 ex
526 895 599 941 his
642 889 650 959 Ι
693 900 750 943 13
777 908 990 953 quaeque
1013 896 1080 940 E.-
1118 909 1235 952 quae
1279 891 1284 952 Ι
1330 902 1383 944 14
1410 903 1523 942 tum:
1562 904 1612 943 ut
1640 899 1770 944 Nolle
1806 895 1812 962 Ι

102 973 157 1016 15
185 966 232 1012 C.
262 966 452 1013 Caesari
481 966 533 1010 H
562 960 567 1028 Ι
602 969 655 1014 17
681 965 1027 1010 dissererentur
1058 958 1064 1029 Ι
1099 963 1251 1026 Nero]
1280 966 1345 1011 Ne
1374 981 1459 1024 pro

244 1050 305 1108 4,
342 1058 368 1099 5
400 1051 556 1096 inbuta
590 1045 597 1112 Ι
631 1046 692 1105 5,
726 1054 754 1097 3
781 1049 1108 1107 quaestoribus
1148 1049 1206 1095 U.-
1234 1050 1418 1108 quidem
1445 1033 1772 1108 quaestoribus
1803 1049 1812 1118 Ι

102 1126 130 1170 6
153 1121 322 1167 abditis
348 1122 437 1176 aL,
469 1119 642 1165 obditis
668 1118 707 1162 L
738 1113 746 1182 Ι
780 1123 806 1167 7
836 1119 1018 1164 auditus
1043 1119 1106 1163 L.-
1139 1119 1290 1164 aditus
1321 1117 1551 1179 (auditum
1575 1121 1619 1165 P
1638 1123 1812 1178 proba-

101 1191 244 1236 biliter
271 1193 318 1235 in
339 1189 575 1250 frequenti
601 1189 870 1248 confusione
894 1190 1260 1234 terminationum
1286 1204 1339 1234 us
1366 1196 1407 1234 et
1435 1187 1536 1249 um)

244 1271 305 1331 6,
343 1279 371 1322 3
394 1273 548 1333 potius
593 1267 599 1337 Ι
646 1277 736 1317 tum
762 1273 932 1318 bellum
958 1286 1142 1331 quoque
1171 1272 1221 1317 N
1257 1267 1263 1330 Ι
1307 1280 1331 1320 5
1358 1275 1681 1332 εθρῐὲᾶθοθηι,
1727 1287 1808 1320 em⁴

101 1344 219 1401 Hm,
247 1343 563 1403 septendecim
590 1343 692 1387 edd.
708 1362 722 1391 ,·
759 1342 963 1400 formam
989 1343 1318 1401 septemdecim
1343 1343 1478 1389 habet
1501 1346 1599 1389 eod.
1642 1344 1742 1389 Vat.
1769 1347 1814 1390 in

104 1414 195 1460 Cic.
217 1427 285 1460 or.
311 1412 428 1458 Phil.
463 1412 513 1467 V,
544 1410 579 1471 ἓ
610 1418 676 1462 19.
712 1405 720 1475 Ι
745 1420 807 1460 -15
830 1413 1055 1472 pluraque
1082 1414 1143 1457 al.

245 1482 303 1541 7,
340 1487 368 1530 2
396 1482 671 1539 regionibus
707 1481 713 1541 Ι
746 1488 775 1531 3
799 1483 1039 1528 admoveri
1062 1482 1107 1526 P
1136 1477 1143 1545 Ι
1175 1483 1337 1542 proius
1373 1481 1379 1546 Ι
1411 1489 1440 1531 4
1474 1485 1751 1530 Antiochum
1777 1485 1816 1530 L

102 1552 229 1615 (coll.
265 1566 307 1599 c.
336 1549 440 1613 37):
490 1552 673 1598 iocbum
714 1553 720 1610 Ι
763 1557 791 1601 6
825 1552 953 1598 iunlu
992 1548 1163 1611 (iuncti
1200 1551 1387 1615 Wurm)
1431 1552 1439 1618 Ι
1479 1559 1508 1602 8
1535 1555 1766 1613 uologeso
1807 1550 1814 1617 Ι

103 1623 321 1671 uardanis
338 1657 351 1680 ,
379 1634 463 1667 em.
492 1621 530 1667 L

243 1689 301 1750 8,
339 1698 367 1742 3
400 1691 693 1751 effigiemque
733 1692 784 1738 N
811 1694 858 1738 in
894 1692 1005 1736 adn.
1050 1685 1057 1756 Ι
1100 1698 1155 1739 10
1188 1707 1273 1751 par
1298 1693 1397 1739 Pu.-
1436 1708 1544 1753 pars
1576 1687 1586 1755 Ι
1620 1701 1673 1743 11
1709 1695 1814 1740 aliis

104 1776 342 1823 quaeque,
376 1774 458 1807 em.
488 1762 531 1812 R
573 1754 584 1826 Ι
625 1762 671 1807 in
698 1762 806 1808 add.
834 1761 1046 1812 Belclcer,
1089 1763 1210 1821 apud
1238 1762 1578 1823 Cappadociam
1603 1765 1664 1808 αῖ.
1709 1759 1715 1826 Ι
1761 1770 1815 1812 12

103 1832 242 1878 iussit
283 1829 288 1893 Ι
336 1838 392 1880 13
415 1831 611 1877 instaret
636 1845 749 1891 om.,
786 1832 1038 1877 inserviret
1071 1834 1117 1877 in
1142 1833 1202 1876 al.
1229 1836 1489 1892 suppletum
1506 1839 1616 1891 post
1641 1834 1814 1887 famae;

103 1902 216 1946 illud
246 1901 368 1946 dedit
388 1901 486 1957 He,
530 1903 609 1959 qui
643 1907 792 1947 tamen
833 1905 879 1946 in
911 1901 1077 1962 praef.
1122 1904 1334 1948 coniecit:
1383 1904 1458 1963 qui
1500 1918 1608 1950 cura
1642 1904 1814 1955 famae:

0 2021 3 2027 ,
96 1972 252 2030 possis
285 1972 443 2015 etiam:
484 1970 560 2028 qui
593 1970 773 2016 instans
805 1971 979 2028 famae,
1010 1971 1073 2029 cf.
1104 1973 1216 2030 ΑΨ.
1248 1978 1303 2021 18
1338 1974 1597 2019 instandum
1630 1974 1775 2019 famae
1806 1968 1812 2035 Ι

106 2047 159 2089 15
189 2040 308 2099 apud
336 2053 506 2098 egeas,
537 2051 622 2084 em.
650 2039 688 2085 L
721 2033 728 2103 Ι
765 2046 819 2089 18
845 2040 1115 2098 magnificus
1144 2043 1206 2086 al.

245 2121 305 2180 9,
340 2128 368 2171 4
394 2123 632 2168 commodo
659 2122 763 2168 Mr:
793 2123 1024 2181 quomodo
1059 2123 1065 2181 Ι
1098 2129 1317 2183 pararent
1335 2128 1421 2170 'aut
1440 2129 1713 2184 pararentur
1728 2141 1814 2183 pr.

0 2196 18 2246 J
104 2206 164 2236 m.
197 2187 204 2255 Ι
240 2197 294 2240 12
319 2193 400 2238 ille
420 2207 502 2250 pr.
522 2207 582 2236 m.
617 2186 624 2252 Ι
657 2198 851 2252 propter
875 2192 982 2238 add.
1007 2192 1126 2248 Hm,
1151 2195 1209 2239 ob
1237 2195 1346 2238 add.
1371 2194 1464 2248 Pu,
1494 2209 1578 2253 per
1602 2195 1708 2239 add.
1734 2197 1817 2245 W,-

18 2287 30 2327 4
105 2268 337 2307 recentem
365 2262 516 2320 gloria
533 2262 581 2306 N
607 2255 614 2324 Ι
649 2267 704 2310 13
730 2259 1033 2308 inclinatione
1060 2264 1252 2322 quadam
1274 2260 1646 2323 (inclinationem
1671 2279 1815 2324 quan-

106 2331 207 2377 dam
251 2328 336 2391 W)
387 2325 398 2395 Ι
446 2332 704 2378 corbulone
742 2329 838 2392 (illi
877 2338 1112 2378 recentem
1147 2333 1344 2390 gloriam
1383 2339 1428 2378 et
1465 2334 1814 2380 inclinationem

19 2411 29 2460 22
106 2402 330 2459 quandam
362 2402 500 2447 etiam
522 2402 723 2447 hostium
749 2402 796 2446 in
823 2401 1087 2447 Corbulone
1113 2399 1212 2462 He)
1247 2403 1254 2463 Ι
1290 2409 1345 2453 18
1369 2404 1582 2449 diuersus
1617 2398 1624 2465 Ι
1657 2409 1714 2452 20
1734 2405 1816 2450 ad-

107 2469 225 2516 didit
257 2465 264 2535 Ι
297 2471 566 2517 coniuncxit
1797 2532 1800 2536 Ι

249 2539 340 2598 10,
375 2545 405 2589 8
438 2555 581 2599 eques
606 2541 687 2586 Ro.
729 2541 800 2585 cui
831 2540 906 2590 M,·
942 2546 1200 2598 provocant
1224 2543 1289 2587 ad
1323 2543 1444 2601 apud
1471 2547 1713 2601 equestres
1742 2548 1814 2600 12,

31 2646 34 2647 ⁷
107 2613 189 2667 60,
214 2610 297 2656 sed
317 2622 376 2656 ne
398 2612 437 2655 is
458 2611 636 2669 quidem
655 2611 781 2655 locus
804 2612 1051 2668 suspitione
1074 2617 1220 2656 caret.

249 2678 342 2738 11,
380 2687 406 2729 5
434 2680 651 2739 platium,
682 2692 765 2724 em.
790 2680 833 2723 B
866 2676 872 2738 Ι
906 2685 932 2728 6
958 2681 1187 2725 demotum
1212 2693 1274 2726 ex
1297 2694 1420 2725 corr.
1438 2716 1448 2736 ,
1480 2686 1648 2726 motum
1676 2680 1740 2738 A,
1767 2687 1818 2725 ut

109 2752 175 2793 est

195 2754 344 2876 2’14281
377 2824 405 2866 2
439 2819 586 2864 Actae
624 2819 684 2862 al.
728 2816 734 2876 Ι
779 2824 807 2866 3
831 2818 887 2862 Μ.
919 2817 1026 2862 add.
1058 2817 1123 2862 Ri
1160 2813 1169 2881 Ι
1210 2825 1236 2866 5
1270 2820 1469 2876 genitus.
1504 2798 1668 2877 ignara
1704 2819 1814 2864 lVr:

109 2887 292 2946 genitus
308 2922 322 2946 ,
347 2889 511 2947 ignara
532 2889 744 2946 plerique
765 2889 1113 2946 interpunyunt‚
1141 2902 1234 2946 qua
1256 2890 1301 2932 in
1327 2891 1504 2933 ratione
1527 2901 1588 2933 ex
1613 2901 1698 2933 usu
1723 2888 1812 2932 Τα-

110 2957 202 3009 citi,
228 2963 277 3002 uc
299 2957 338 3002 L
361 2957 491 3014 vidit,
519 2958 814 3015 inrepserant
836 2956 1125 3002 scribendum
1154 2963 1283 3002 esset.
1318 2952 1325 3015 Ι
1360 2966 1414 3006 10
1438 2959 1561 3003 facto
