2008 3230
165 181 198 230 4
595 190 875 229 CORNELII
903 191 1099 229 TAcrrr
1119 191 1427 229 ANNALIUM

165 319 385 367 vinxerat
411 318 554 380 ade0,
582 319 648 367 uti
671 326 899 383 nepotem
924 319 1129 380 unicum,
1158 317 1425 382 Agrippam
1451 317 1749 382 Postumum,
1787 319 1835 367 in

166 389 367 437 insulam
396 388 665 436 Planasiam
695 389 976 452 proiecerit,
1003 388 1167 436 rudem
1193 403 1309 436 sane
1338 388 1570 437 bonarum
1595 389 1763 437 artium
1787 397 1835 437 et

106 476 149 510 20
164 458 345 506 robore
375 459 598 521 corporis
626 458 803 507 stolide
833 458 1080 520 ferocem,
1119 458 1294 506 nullius
1323 465 1481 507 tamen
1517 458 1682 521 flagitii
1722 472 1832 507 con·

164 535 367 591 pertum.
433 535 481 575 at
518 528 719 576 hercule
766 526 1098 577 Germanicum
1139 525 1299 575 Druso
1357 535 1510 576 ortum
1553 534 1666 576 octo
1709 529 1836 591 apud

163 596 383 645 Rhenum
409 597 686 660 legionibus
711 598 922 660 inposuit
953 598 1227 662 adscirique
1255 612 1343 661 per
1369 597 1679 662 adoptionem
1704 612 1731 646 a
1758 596 1833 646 Ti-

164 666 303 714 berio
328 668 494 729 iussit,
531 682 816 731 quamquam
842 675 975 715 esset
1000 669 1046 715 in
1083 668 1224 716 domo
1252 665 1429 722 Tiberii
1470 667 1596 716 filius
1627 668 1831 729 iuveniS,

163 736 253 784 sed
276 749 371 800 quo
397 737 615 800 pluribus
635 738 934 786 munimentis
959 738 1219 786 insisteret.
1267 736 1447 785 bellum
1467 751 1525 786 ea
1544 744 1833 801 tempestate

105 821 150 855 25
166 806 343 854 nullum
373 807 462 853 nisi
498 806 730 855 adversus
758 805 1020 855 Germanos
1057 814 1340 871 supererat,
1379 806 1648 867 abolendae
1681 807 1834 870 magis

164 875 386 924 infamiae
414 876 476 924 ob
508 878 732 924 amissum
761 892 866 924 cum
894 876 1122 936 Quintilio
1142 876 1273 925 Varo
1296 879 1560 925 exercitum
1586 892 1725 941 quam
1753 892 1832 925 cu-

164 945 324 1009 pidine
349 946 631 1009 proferendi
658 947 846 1010 imperii
874 954 951 994 aut
976 947 1166 1009 dignum
1190 946 1252 994 ob
1281 947 1557 1010 praemium.
1605 947 1731 997 domi
1753 961 1835 995 res

161 1015 480 1079 tranquillae,
531 1016 701 1064 eadem
743 1015 1102 1080 magistratuum
1150 1015 1415 1072 vocabu-la;
1461 1017 1673 1065 iuniores
1722 1023 1835 1080 post

161 1083 410 1134 Actiacam
443 1086 722 1148 victoriam,
762 1088 902 1135 etiam
929 1101 1072 1134 senes
1100 1086 1322 1150 pleriq-ue
1347 1087 1469 1134 inter
1507 1085 1637 1135 bella
1663 1086 1833 1134 civium

104 1173 147 1206 30
163 1155 286 1203 nati:
315 1162 491 1218 quotus
518 1157 721 1220 quisque
750 1156 965 1220 reliquus
991 1157 1070 1220 qui
1094 1171 1196 1204 rem
1220 1155 1460 1220 publicam
1489 1152 1726 1204 vidisset?

263 1225 312 1274 4.
351 1223 502 1287 Igitur
526 1240 672 1274 verso
703 1226 908 1274 civitatis
935 1233 1059 1274 statu
1085 1226 1199 1274 nihil
1223 1241 1420 1289 usquam
1447 1226 1597 1289 prisci
1639 1233 1686 1273 et
1715 1226 1831 1273 inte-

161 1295 237 1357 gri
266 1296 440 1343 moris:
472 1310 638 1343 omnes
662 1302 807 1344 exuta
831 1292 1124 1359 aequalitate
1149 1297 1278 1344 iussa
1303 1296 1532 1359 principis
1561 1302 1831 1359 aspectare,

161 1363 291 1412 nulla
317 1364 365 1411 in
390 1379 626 1427 praesens
656 1365 928 1428 formidine,
957 1365 1064 1413 dum
1091 1364 1338 1429 Augustus
1362 1372 1521 1414 aetate
1546 1364 1733 1414 validus
1755 1379 1830 1413 se·

163 1448 256 1498 que
283 1440 332 1481 et
359 1434 550 1483 domum
583 1442 632 1483 et
655 1450 826 1499 pacem
855 1437 1155 1484 sustentavit.
1198 1441 1718 1499 postquamprovecta
1741 1435 1832 1483 iam

121 1518 141 1549 5
163 1510 391 1552 senectus
418 1519 570 1567 aegro
601 1512 649 1553 et
679 1520 888 1569 corpore
915 1505 1204 1569 fatigabatur
1230 1505 1493 1568 aderatque
1519 1504 1623 1552 finis
1648 1511 1697 1552 et
1717 1519 1831 1568 spes

162 1587 336 1636 novae,
367 1576 509 1637 pauci
539 1574 668 1624 bona
693 1575 932 1624 libertatis
958 1576 1005 1623 in
1027 1590 1215 1624 cassum
1243 1575 1506 1636 disserere,
1538 1573 1703 1638 plures
1729 1573 1831 1622 bel-

162 1643 258 1691 lum
284 1658 582 1710 pavescere,
620 1645 701 1694 alii
742 1660 940 1710 cupere.
992 1661 1105 1709 pars
1141 1644 1288 1693 multo
1326 1645 1528 1692 maxima
1564 1645 1830 1692 inminentis

163 1712 382 1760 dominos
418 1715 564 1762 variis
599 1715 871 1763 rumoribus
915 1715 1227 1764 differebant:
1267 1722 1449 1763 trucem
1483 1713 1749 1778 Agrippam
1784 1721 1831 1762 et

161 1783 420 1845 ignominia
454 1797 713 1833 accensum
758 1799 854 1833 non
906 1793 1064 1834 aetate
1110 1800 1269 1849 neque
1320 1799 1479 1833 rerum
1530 1784 1831 1848 experientia

107 1869 146 1903 10
162 1858 322 1901 tantae
357 1853 471 1902 moli
498 1869 680 1917 parem,
716 1853 961 1903 Tiberium
996 1854 1238 1903 Neronem
1269 1861 1499 1902 maturum
1526 1854 1687 1915 anniS,
1719 1868 1830 1918 spe-

163 1929 338 1970 ctatum
369 1922 520 1986 bello,
550 1932 627 1973 set
652 1932 822 1973 vetere
843 1931 988 1988 atque
1013 1926 1153 1974 insita
1177 1923 1404 1973 Claudiae
1431 1923 1639 1972 familiae
1660 1938 1829 1988 super-

161 1991 258 2053 bia,
292 1992 536 2057 multaque
562 1995 737 2043 indicia
766 1996 1025 2057 saevitiae„
1044 2009 1328 2059 quamquam
1352 2001 1643 2059 premantur,
1675 2008 1829 2042 erum-

160 2076 298 2124 pere.
352 2062 478 2111 hunc
506 2071 554 2112 et
582 2065 732 2127 prima
757 2063 816 2113 ab
836 2064 1031 2114 infantia
1054 2066 1275 2114 eductum
1295 2066 1341 2112 in
1362 2064 1504 2112 domo
1527 2064 1827 2126 regnatrice;

162 2139 427 2194 congestos
454 2134 613 2182 iuveni
645 2134 941 2197 consulatus,
971 2135 1258 2199 triumphos;
1293 2149 1354 2182 ne
1380 2134 1437 2182 iis
1465 2133 1654 2197 quidem
1676 2134 1827 2194 annis,

103 2215 145 2248 15
164 2201 331 2263 quibus
361 2201 518 2251 Rhodi
548 2205 718 2268 specie
749 2219 980 2253 secessus
1008 2205 1119 2252 exul
1147 2204 1320 2267 egerit,
1349 2202 1525 2267 aliquid
1549 2217 1685 2267 quam
1712 2203 1829 2251 iram

161 2277 208 2317 et
234 2271 585 2320 simulationem
618 2280 666 2321 et
704 2281 922 2322 secretas
960 2273 1198 2322 lubidines
1237 2272 1526 2321 meditatum.
1585 2271 1827 2320 accedere

157 2346 355 2388 matrem
382 2341 602 2389 muliebri
636 2344 926 2405 inpotentia:
962 2343 1266 2391 serviendum
1302 2342 1506 2390 feminae
1543 2340 1826 2405 duobusque

158 2409 355 2473 insuper
378 2410 797 2475 adulescentibus,
842 2413 921 2476 qui
956 2427 1058 2460 rem
1091 2411 1332 2476 publicam
1369 2411 1554 2459 interim
1590 2418 1823 2474 premant,

161 2479 450 2542 quandoque
478 2480 756 2531 distrahant.

264 2550 312 2597 5.
346 2549 479 2597 Haec
507 2557 650 2613 atque
677 2550 790 2598 talia
822 2550 1107 2613 agitantibus
1142 2564 1437 2613 gravescere
1472 2548 1698 2598 valetudo
1727 2546 1823 2595 Au-

158 2620 301 2680 gusti,
333 2625 380 2666 et
413 2620 602 2682 quidam
628 2620 790 2685 scelus
817 2621 983 2667 uxoris
1026 2619 1386 2683 suspectabant.
1445 2620 1624 2683 quippe
1662 2631 1823 2665 rumor

158 2689 454 2750 incesserat,
489 2703 672 2753 paucos
701 2697 811 2749 ante
846 2705 1037 2738 menses
1074 2688 1368 2752 Augustum,
1406 2689 1578 2738 electis
1614 2686 1822 2735 consciis

159 2763 210 2803 et
241 2759 415 2805 comite
443 2773 534 2807 uno
562 2758 712 2808 Fabio
742 2758 967 2822 Maximo,
998 2759 1265 2808 Planasiam
1289 2765 1478 2807 vectum
1498 2757 1557 2806 ad
1575 2756 1820 2805 visendum

116 2829 137 2862 ⁵
158 2823 450 2888 Agrippam;
490 2829 660 2878 multas
697 2830 797 2878 illic
827 2831 1062 2893 utrimque
1103 2829 1324 2877 lacrimas
1359 2835 1407 2876 et
1445 2827 1581 2890 signa
1610 2825 1820 2875 caritatis

159 2909 393 2959 spemque
428 2912 490 2945 ex
529 2912 588 2945 eo
632 2900 740 2947 fore
782 2906 832 2949 ut
868 2900 1050 2947 iuvenis
1099 2898 1351 2962 penatibus
1392 2896 1468 2946 avi
1509 2895 1817 2944 redderetur:
