1976 3224
291 145 394 196 282
730 158 1003 198 coaxant
1023 162 1215 199 TACITI
1237 163 1540 226 ApNALmM

627 343 1181 410 CORNELII
1235 347 1620 416 TACITI

722 489 798 540 AB
836 487 1086 543 EXCESSU
1118 493 1237 543 DIVI
1273 492 1522 546 AUGUSTI

523 616 1706 698 ANNALIUM

883 766 1151 819 LIBER
1207 769 1341 820 XV.

285 1054 637 1097 BREVIARIUM.
683 1055 782 1110 Cap.
813 1056 852 1096 1.
880 1058 921 1096 2.
967 1057 1203 1110 Vologeses
1241 1072 1316 1099 rex
1354 1059 1595 1098 Parthorum
1630 1058 1783 1098 bellum
1811 1066 1949 1099 mente

342 1113 495 1161 volvit,
523 1112 820 1165 instigantibus
860 1113 988 1153 fratre
1016 1114 1197 1156 Tiridate
1231 1124 1270 1156 et
1297 1116 1527 1155 Monobazo
1549 1114 1789 1164 Adiabene,
1825 1128 1948 1167 quem

341 1170 547 1221 Tigranes
566 1176 754 1212 vexarat.
799 1169 841 1212 3.
875 1169 1053 1210 Corbulo
1082 1171 1227 1223 Syriae
1255 1173 1432 1212 tuendae
1452 1171 1659 1223 providet.
1730 1172 1772 1212 4.
1805 1171 1947 1212 Parthi

341 1227 512 1266 Monese
536 1226 642 1265 duce
664 1226 963 1279 Tigranocerta
996 1228 1204 1269 obsident.
1257 1230 1298 1270 5.
1329 1228 1531 1280 Vologesi
1559 1228 1739 1269 Corbulo
1766 1229 1948 1281 indutias

342 1283 462 1323 offert
491 1289 530 1322 et
559 1284 768 1335 impetrat.
811 1284 959 1325 6—8.
991 1284 1212 1326 Caesennii
1238 1285 1352 1326 Paeti
1385 1285 1610 1325 Armeniae
1643 1298 1789 1326 recens
1825 1297 1948 1339 prae-

342 1340 439 1380 fecti
466 1341 654 1388 vanitas,
688 1340 866 1390 ferocia,
898 1341 1126 1394 imperitia,
1153 1343 1361 1383 iactantia.
1412 1341 1585 1383 9—11.
1615 1342 1678 1381 Ab
1710 1342 1948 1382 invadenda

343 1396 464 1448 Syria
487 1395 665 1437 Corbulo
688 1397 891 1438 absterret
915 1398 1116 1447 Parthos,
1144 1401 1215 1450 qui
1236 1399 1460 1439 Armeniae
1484 1405 1524 1438 et
1539 1398 1665 1439 Paeto
1690 1399 1945 1438 incumbunt.

339 1454 414 1493 Hic
436 1465 564 1506 aegre
592 1453 869 1494 Corbulonem
895 1455 1051 1495 auxilio
1073 1463 1193 1496 vocat
1213 1455 1377 1496 Parthis
1404 1455 1701 1508 prementibus.
1750 1455 1817 1496 12.
1842 1457 1882 1495 Is
1903 1456 1945 1494 in

338 1511 580 1551 Armeniam
605 1510 818 1563 profectus
845 1511 1057 1565 fugientes
1081 1513 1298 1566 obiurgat,
1340 1525 1440 1552 suos
1463 1511 1665 1552 hortatur.
1720 1511 1784 1554 13.
1819 1512 1947 1552 Volo-

338 1579 464 1622 geses
493 1568 620 1607 instat
647 1567 791 1609 Paeto.
849 1569 916 1609 14.
949 1568 1015 1608 15.
1045 1569 1301 1622 Disceptatio
1330 1571 1437 1608 inter
1460 1569 1671 1609 Romanos
1693 1576 1733 1608 et
1755 1567 1944 1613 Parthos.
1966 1579 1972 1583 ·

339 1638 392 1665 ex
420 1636 501 1676 qua
526 1624 641 1664 Paeti
675 1623 801 1665 foeda
835 1626 1096 1678 compositio.
1146 1626 1211 1667 16.
1250 1626 1427 1666 Corbulo
1467 1626 1508 1664 in
1544 1625 1783 1665 Armeniam
1814 1625 1942 1666 venit.

265 1696 296 1724 ο
343 1683 411 1722 17.
451 1682 576 1720 Paeto
615 1681 816 1735 increpito
841 1682 1004 1734 Syriam
1036 1684 1198 1735 repetit.
1246 1682 1312 1724 18.
1339 1682 1495 1721 Romae
1530 1682 1673 1722 inania
1705 1682 1756 1721 de
1782 1680 1947 1720 Parthis

340 1746 523 1791 tropaea.
591 1738 858 1778 Frumentum
889 1738 1038 1791 plebis.
1085 1740 1332 1792 Vectigalia.
1391 1739 1458 1779 19.
1502 1737 1545 1778 S.
1572 1737 1616 1779 C.
1651 1738 1720 1779 de*
1739 1737 1947 1778 simulatis

339 1794 648 1848 adoptionibus.
676 1794 744 1834 20.
768 1796 838 1836 21.
861 1794 1061 1835 Claudius
1084 1795 1327 1836 Timarchus
1348 1795 1559 1836 Cretensis
1580 1802 1814 1844 accusatur,
1837 1794 1947 1846 quod

339 1851 525 1891 Thrasea
552 1850 705 1890 Paetus
734 1851 789 1891 ad
825 1853 978 1892 bonum
1007 1853 1216 1904 publicum
1254 1853 1389 1893 vertit.
1444 1853 1514 1892 22.
1554 1851 1773 1892 Decretum
1805 1858 1946 1904 grates

338 1908 604 1962 praesidibus
636 1919 719 1947 non
751 1909 954 1962 agendas.
1003 1909 1212 1949 Portenta.
1257 1909 1327 1951 23.
1371 1908 1430 1949 Ob
1461 1908 1587 1948 filiam
1619 1906 1775 1949 Nero'ni
1807 1914 1944 1948 natam

338 1964 560 2006 immodica
583 1965 741 2017 gaudia
765 1974 806 2006 et
826 1965 1079 2005 frustranea.
1124 1967 1171 2006 In
1199 1967 1426 2007 Thraseam
1448 1966 1652 2019 principis
1673 1966 1830 2007 odium.
1874 1965 1944 2005 24.

320 2022 486 2075 Legati
509 2021 758 2062 Parthorum
780 2022 937 2062 Romae
963 2023 1168 2063 irrisores.
1204 2024 1273 2065 25.
1297 2022 1411 2062 Bello
1434 2023 1681 2062 Armeniaco
1707 2021 1948 2075 praeficitur

337 2078 533 2119 Corbulo.
574 2078 747 2119 Paetum
769 2079 922 2120 Caesar
942 2079 1104 2119 facetiis
1127 2081 1368 2120 insectatur.
1400 2078 1468 2119 26.
1497 2079 1568 2119 27.
1598 2078 1777 2119 Corbulo
1800 2079 1843 2118 in
1866 2078 1946 2118 Ar·

337 2135 517 2175 meniam
546 2135 660 2176 ducit
688 2137 942 2184 exercitum,
975 2137 1138 2188 legatos
1160 2136 1408 2177 Parthorum
1430 2135 1568 2184 audit,
1601 2135 1833 2174 defectores
1865 2135 1946 2173 Ar·

336 2192 498 2232 menios
525 2191 752 2232 ulciscitur.
800 2191 1003 2233 28—30.
1031 2192 1237 2233 Tiridates
1269 2205 1294 2232 a
1318 2192 1551 2233 Corbulone
1582 2204 1726 2245 pacem
1748 2191 1871 2244 petit.
1906 2196 1945 2229 et

337 2249 475 2303 posito
512 2249 624 2301 apud
660 2248 847 2302 effigiem
884 2249 1074 2290 Caesaris
1109 2251 1267 2303 insigni
1308 2249 1424 2302 regio
1458 2249 1651 2301 impetrat
1693 2247 1945 2298 comiterque

337 2304 545 2357 excipitur
568 2318 593 2345 a
618 2305 864 2346 Corbulone.
919 2306 988 2346 31.
1017 2307 1241 2359 Vologesis
1269 2318 1345 2359 pro
1374 2306 1501 2345 fratre
1528 2305 1778 2345 sollicitudo.

426 2362 494 2400 32.
525 2361 703 2414 Alpinos
724 2363 953 2402 maritimos
980 2363 1088 2403 Nero
1114 2364 1155 2402 in
1180 2364 1244 2403 ius
1265 2363 1371 2402 Latii
1396 2361 1609 2401 transfert.
1637 2362 1832 2414 Equitum
1861 2359 1944 2400 Ro-

337 2429 554 2458 manorum
578 2419 620 2457 in
641 2419 750 2458 circo
774 2419 887 2459 locos
909 2420 1111 2460 sedilibus
1133 2419 1266 2472 plebis
1285 2419 1513 2472 anteponit.
1544 2418 1741 2459 Feminae
1762 2417 1943 2457 illustres

339 2481 638 2526 senatoresque
673 2475 713 2514 in
747 2487 887 2517 arena.
939 2475 1007 2516 33.
1054 2475 1162 2515 Nero
1184 2477 1274 2529 ipse
1299 2475 1474 2528 Neapoli
1504 2487 1698 2515 scaenam
1721 2472 1941 2513 inscendit.

308 2531 409 2573 -34.
439 2530 664 2571 Theatrum
685 2533 777 2571 ruit.
809 2533 1034 2573 Beneventi
1060 2532 1168 2572 Nero
1191 2536 1341 2571 munus
1366 2532 1519 2571 Vatinii
1542 2538 1714 2585 spectat.
1743 2530 1811 2571 35.
1835 2529 1940 2568 Tor·

338 2595 509 2640 quatum
543 2587 729 2628 Silanum
757 2590 861 2629 mori
899 2590 1043 2642 adigit.
1097 2589 1167 2630 36.
1210 2591 1289 2628 Iter
1311 2588 1467 2629 frustra
1489 2589 1712 2628 meditatur
1734 2587 1775 2626 in
1799 2585 1932 2625 Orien-

338 2653 434 2684 tem.
491 2644 562 2686 37.
593 2645 792 2686 Couvivia
825 2646 925 2686 luxu
950 2646 1075 2686 foeda
1094 2646 1273 2685 celebrat
1303 2646 1494 2685 ministro
1518 2645 1737 2698 Tigellino.
1789 2641 1943 2694 Pytha·

339 2713 467 2754 gorae
495 2702 625 2742 nubit.
673 2702 743 2742 38.
767 2701 837 2742 39.
861 2702 1009 2743 Clades
1031 2704 1185 2743 Romae
1206 2715 1260 2742 ex
1275 2702 1480 2750 incendio,
1509 2701 1615 2741 forte
1636 2713 1686 2739 an
1709 2699 1804 2740 dolo
1827 2699 1942 2751 priu-

335 2758 465 2810 cipis,
510 2759 579 2809 qui
609 2760 648 2798 in
687 2759 915 2799 remedium
951 2760 1078 2800 multa
1115 2759 1333 2812 popularia
1363 2766 1551 2811 usurpat.
1599 2756 1671 2799 40.
1699 2756 1768 2796 41.
1802 2755 1941 2795 Cladis

338 2815 599 2866 magnitudo.
642 2815 783 2855 Novae
807 2817 922 2856 urbis
949 2816 1191 2856 condendae
1216 2815 1448 2855 consilium.
1497 2814 1567 2854 42.
1593 2814 1655 2852 Ex
1675 2812 1832 2866 patriae
1858 2812 1941 2851 rui-

339 2872 405 2910 nis
434 2873 678 2911 immensam
711 2873 870 2912 ³omum
897 2873 1052 2912 extruit
1086 2872 1208 2912 Nero.
1262 2871 1419 2911 Maiora
1456 2870 1609 2910 frustra
1643 2870 1821 2909 molitur.
1869 2866 1937 2907 43.
