2008 3230
622 202 796 240 LIBER
820 202 859 240 1.
889 201 1013 241 cAP.
1036 201 1236 245 63—67.
1693 193 1760 244 33

21 371 27 383 .
90 338 248 382 tamen
290 330 550 379 obsecutus
583 337 631 378 et
667 345 854 380 manum
888 330 1177 380 intendentis
1210 332 1506 396 reppulisse.
1584 339 1762 396 coepta

92 402 202 450 luce
226 402 400 449 missae
428 401 476 448 in
499 400 650 448 latera
681 400 933 462 legioneS,
965 408 1094 448 metu
1130 416 1188 449 an
1229 402 1557 463 contumacia,
1601 401 1760 450 locum

93 471 382 533 deseruere,
420 477 562 534 capto
600 483 814 534 propere
853 478 1024 533 campo
1060 471 1266 519 umentia
1299 471 1439 520 ultra.
1498 485 1656 535 neque
1690 478 1758 520 ta·
1777 477 1820 511 1⁰

91 556 200 589 men
225 540 466 589 Arminius
495 554 777 604 quamquam
802 539 956 588 libero
985 541 1180 588 incursu
1206 541 1363 590 statim
1387 543 1634 606 prorupit:
1673 541 1762 590 sed

91 618 141 658 ut
169 610 374 658 haesere
402 623 553 658 caeno
580 609 827 673 fossisque
853 609 1218 674 impedimenta,
1246 609 1421 660 turbati
1457 612 1636 659 circum
1676 612 1760 658 mi-

92 680 227 741 lites,
267 680 482 730 incertus
514 680 761 741 signorum
795 678 942 741 ord0,
993 686 1140 743 utque
1184 678 1270 728 tali
1314 681 1363 728 in
1406 687 1629 745 tempore
1668 680 1762 728 sibi

91 751 292 814 quisque
319 763 559 813 properus
588 755 636 796 et
670 748 829 798 lentae
865 748 1118 797 adversum
1153 749 1354 814 imperia
1384 765 1549 814 aureS,
1589 752 1759 799 inrum-

93 833 210 884 pere
237 817 500 868 Germanos
525 817 674 880 iubet,
702 818 949 882 clamitans
974 821 1065 866 ‘en
1092 819 1251 868 Varus
1289 819 1556 884 eodemque
1591 820 1762 869 iterum
1778 832 1820 866 15

90 889 190 938 fato
214 889 405 936 vinctae
431 887 711 951 legionesl’
741 887 878 935 simul
903 887 1026 936 haec
1053 895 1101 936 et
1128 903 1234 937 cum
1259 888 1463 938 delectis
1483 889 1657 937 scindit
1676 904 1760 953 ag-

90 973 200 1018 men
226 959 459 1022 equisque
486 959 692 1006 maxime
728 957 928 1006 vulnera
962 959 1154 1020 ingerit.
1212 958 1283 1006 illi
1318 959 1553 1022 sanguine
1588 974 1675 1007 suo
1714 967 1764 1007 et

90 1028 276 1077 lubrico
313 1024 537 1092 paludum
573 1027 821 1092 lapsantes
860 1029 1081 1076 excussis
1116 1027 1392 1078 rectoribus
1427 1028 1636 1077 disicere
1677 1028 1761 1077 ob-

90 1100 213 1161 viOS,
243 1105 498 1161 proterere
517 1098 751 1145 iacentes.
804 1096 1034 1160 plurimus
1061 1097 1190 1147 circa
1217 1099 1401 1163 aquilas
1427 1097 1593 1162 labor,
1637 1112 1763 1163 quae

89 1182 247 1232 neque
273 1167 391 1216 ferri
417 1166 671 1216 adversum
694 1167 963 1230 ingruentia
987 1167 1085 1216 tela
1110 1182 1269 1232 neque
1292 1168 1376 1231 figi
1409 1168 1580 1217 limosa
1617 1168 1759 1217 humo
1778 1186 1820 1223 20

90 1244 330 1302 poterant.
388 1235 597 1286 Caecina
632 1235 741 1285 dum
774 1243 1008 1285 sustentat
1050 1237 1228 1300 aciem,
1266 1238 1475 1287 suffosso
1518 1239 1644 1302 equo
1681 1237 1760 1286 de-

90 1307 257 1372 lapsus
299 1305 792 1369 circumveniebatur,
836 1307 885 1354 ni
920 1308 1071 1371 prima
1104 1306 1236 1370 legio
1283 1322 1396 1357 sese
1434 1310 1760 1373 opposuisset.

89 1378 208 1425 iuvit
248 1376 453 1424 hostium
498 1375 730 1439 aviditaS,
773 1376 950 1425 omissa
986 1376 1137 1425 caede
1181 1377 1408 1442 praedam
1451 1379 1759 1432 sectantium;

89 1447 351 1510 enisaeque
391 1445 616 1508 legiones
650 1454 1031 1511 vesperascente
1070 1446 1148 1495 die
1186 1448 1234 1495 in
1278 1456 1446 1512 aperta
1494 1455 1543 1495 et
1590 1447 1760 1496 solida.

90 1530 248 1580 neque
273 1517 314 1563 is
334 1516 630 1564 miseriarum
650 1516 772 1564 finis.
815 1515 1091 1565 struendum
1111 1517 1302 1580 vallum,
1332 1516 1568 1582 petendus
1589 1531 1759 1580 agger,
1776 1531 1819 1564 25

89 1587 265 1635 amissa
293 1600 465 1648 magna
494 1600 556 1634 ex
580 1591 719 1650 parte
746 1600 835 1650 per
860 1601 984 1650 quae
1019 1587 1233 1648 egeritur
1265 1586 1432 1635 humus
1467 1594 1546 1635 aut
1582 1586 1761 1635 excidi-

89 1663 164 1704 tur
194 1669 423 1720 caespes;
451 1669 547 1704 non
573 1657 779 1705 tentoria
808 1656 1078 1719 manipuliS,
1104 1671 1199 1704 non
1225 1657 1438 1706 fomenta
1465 1658 1665 1713 sauciis;
1692 1657 1760 1704 in·
1788 1708 1791 1710 ,

88 1725 247 1774 fectos
277 1739 430 1775 caeno
457 1732 536 1773 aut
564 1739 737 1774 cruore
766 1724 904 1774 cibos
931 1725 1200 1775 dividentes
1223 1727 1440 1775 funestas
1459 1725 1686 1776 tenebras
1714 1732 1763 1774 et

89 1802 161 1843 tot
189 1794 431 1844 hominum
456 1793 645 1842 milibus
668 1811 809 1844 unum
833 1797 925 1844 iam
950 1795 1186 1858 reliquum
1212 1795 1338 1845 diem
1359 1796 1759 1845 lamentabantur.

195 1865 279 1915 66.
318 1864 465 1913 Forte
495 1879 646 1928 equus
681 1865 896 1928 abruptis
918 1865 1300 1929 vinculisvagus
1328 1873 1376 1914 et
1413 1865 1628 1915 clamore
1664 1873 1760 1914 ter-

90 1936 206 1985 ritus
235 1934 464 2000 quosdam
497 1936 849 1982 occurrentium
887 1933 1176 1982 obturbavit.
1237 1942 1365 1997 tanta
1398 1935 1509 1984 inde
1546 1943 1761 1984 conster-

89 2008 218 2055 natio
248 2004 488 2070 inrupisse
525 2001 788 2052 Germanos
829 2003 1149 2066 credentium,
1189 2012 1240 2052 ut
1275 2006 1434 2053 cuncti
1468 2013 1665 2054 ruerent
1701 2003 1763 2053 ad

90 2084 271 2141 portasi,
304 2090 500 2140 quarum
527 2072 789 2122 decumana
816 2075 1018 2129 maxime
1045 2073 1330 2137 petebatur,
1361 2089 1533 2123 aversa
1558 2074 1686 2123 hosti
1712 2079 1762 2122 et

89 2145 381 2209 fugientibus
410 2145 572 2194 tutior.
649 2142 859 2192 Caecina
899 2150 1149 2207 comperto
1191 2158 1359 2193 vanam
1401 2159 1513 2192 esse
1548 2142 1798 2196 formidi-5

91 2231 214 2277 nem,
242 2231 347 2265 cum
370 2222 528 2263 tamen
554 2228 712 2278 neque
739 2214 1026 2262 auctoritate
1055 2228 1214 2277 neque
1243 2212 1501 2278 precibus,
1530 2228 1591 2262 ne
1620 2227 1762 2264 manu

89 2284 279 2349 quidem
311 2285 554 2334 obsistere
580 2292 658 2332 aut
685 2285 895 2331 retinere
921 2282 1116 2331 militem
1138 2284 1319 2347 quiret,
1348 2285 1596 2348 proiectus
1623 2285 1671 2332 in
1703 2282 1759 2331 li-

89 2355 215 2403 mine
244 2362 414 2419 portae
444 2355 751 2402 miseratione
782 2352 985 2415 demum,
1013 2354 1121 2417 quia
1151 2368 1240 2418 per
1266 2367 1445 2418 corpus
1470 2353 1619 2416 legati
1645 2368 1757 2401 eun-

91 2424 199 2474 dum
232 2432 360 2488 erat,
397 2424 566 2472 clausit
592 2425 740 2471 viam:
782 2423 919 2472 simul
949 2422 1125 2471 tribuni
1162 2429 1211 2471 et
1250 2425 1557 2472 centuriones
1585 2422 1759 2471 falsum

92 2508 324 2558 pavorem
352 2508 464 2541 esse
489 2492 772 2541 docuerunt.
984 2492 989 2496 ’
1772 2504 1817 2538 ιο

155 2597 158 2601 -
196 2564 279 2613 67.
317 2563 450 2612 Tunc
491 2569 768 2611 contractos
806 2563 853 2610 in
898 2563 1133 2626 principia
1179 2564 1435 2626 iussosque
1480 2563 1606 2611 dicta
1653 2576 1761 2609 cum

92 2633 283 2681 silentio
318 2634 547 2696 accipere
582 2632 814 2694 temporis
849 2647 907 2680 ac
947 2633 1252 2680 necessitatis
1293 2638 1470 2680 monet.
1540 2645 1679 2679 unam
1710 2631 1760 2679 in

49 2758 53 2766 Ι
91 2703 236 2750 armis
278 2702 508 2763 salutem,
545 2700 632 2750 sed
669 2716 725 2748 ea
763 2701 967 2749 consilio
1018 2700 1331 2764 temperanda
1379 2700 1760 2765 manendumque

94 2771 214 2822 intra
238 2772 442 2835 vallum,
483 2771 638 2819 donec
678 2770 984 2834 expugnandi
1015 2770 1182 2818 hostes
1218 2784 1305 2834 spe
1344 2772 1547 2834 propius
1587 2785 1757 2818 succe-

95 2838 288 2895 derent:
327 2856 438 2889 mox
481 2841 689 2903 undique
724 2839 1087 2903 erumpendum:
1126 2838 1208 2887 illa
1242 2840 1510 2903 eruptione'
1533 2839 1591 2889 ad
1629 2839 1753 2888 Rhe·
1776 2858 1799 2892 5

94 2922 201 2956 num
237 2911 493 2971 perveniri.
563 2909 690 2973 quod
725 2910 763 2956 si
801 2909 1054 2973 fugerent,
1095 2909 1245 2973 pluris
1280 2909 1454 2972 silvae,
1496 2908 1759 2973 profundas

163 2993 307 3024 ‘rAcm
344 2995 458 3024 PARS
491 2996 517 3024 1.
1474 2979 1504 3026 3
