1976 3224
237 175 334 226 132
656 186 931 225 ooRNELH
958 187 1153 226 TAcm
1185 188 1492 227 ANNALmM

234 314 413 376 aviam,
458 315 690 379 propiora
721 316 938 364 consilia.
996 316 1261 380 simplicius
1289 324 1526 380 acturum,
1558 317 1618 366 de
1649 318 1905 367 inimicitiis

178 403 218 436 ιο
234 384 433 449 primum
460 383 786 449 Agrippinae,
817 399 934 450 quas
969 385 1118 449 longe
1141 387 1300 434 acrius
1330 400 1548 450 arsuraS,
1575 381 1629 435 ⁴si
1666 389 1904 438 matrimo-

233 454 359 502 nium
395 453 557 501 Liviae
593 454 724 502 velut
766 456 814 502 in
859 462 1021 520 partes
1057 455 1245 504 domum
1285 454 1545 504 Caesarum
1582 456 1923 507 distraxisset..

235 525 306 572 sic
330 537 522 587 quoque
549 538 803 589 erumpere
830 525 1196 574 aemulationem
1216 525 1514 590 feminarum,
1545 541 1697 591 eaque
1722 526 1904 577 discor-

234 592 312 642 dia
348 600 556 657 nepotes
595 609 710 643 suos
734 594 982 644 convelli:
1031 595 1140 659 quid
1171 596 1210 643 si
1242 595 1511 644 intendatur
1546 597 1787 646 certamen
1825 597 1906 645 tali

236 660 497 725 coniugio?
541 662 746 712 ‘falleris
783 664 931 726 enim,
959 665 1242 727 Seiane,‘’si
1279 673 1324 713 te
1349 680 1615 714 mansurum
1654 667 1700 714 in
1733 666 1906 716 eodem

177 753 218 786 15
238 732 405 782 ordine
454 739 618 796 putaS,
667 741 713 782 et
751 732 960 797 Liviam,
1012 750 1134 799 quae
1172 735 1288 785 Gaio
1326 734 1551 797 Caesari,
1591 750 1704 784 mox
1743 736 1904 785 Druso

234 810 379 867 nupta
417 802 584 866 fuerit,
623 818 679 852 ea
714 810 873 852 mente
908 812 1145 868 acturam,
1185 813 1234 853 ut
1270 820 1374 854 cum
1401 807 1560 870 equite
1584 806 1800 855 Romano
1829 820 1904 854 se·

235 879 567 935 nescat.,ego
608 881 658 921 ut
692 874 869 937 sinam,
909 874 1128 923 credisne
1167 890 1398 939 passuros
1435 876 1513 939 qui
1550 875 1745 923 fratrem
1783 878 1904 938 eiuS,

236 943 319 1007 qui
347 944 872 1008 patrem-maioresque
907 951 1102 993 nostros
1136 945 1182 992 in
1219 947 1410 994 summis
1455 945 1669 1009 imperiis
1706 942 1905 995 videre?

235 1014 308 1060 vis
337 1019 384 1060 tu
414 1012 604 1076 quidem
630 1014 770 1061 istum
798 1014 918 1062 intra
947 1014 1103 1062 locum
1144 1015 1343 1064 sistere:
1381 1014 1467 1064 sed
1503 1015 1572 1063 illi
1599 1017 1905 1079 magistratus

178 1102 220 1135 20
237 1089 284 1131 et
314 1082 570 1146 primoreS,
599 1084 678 1146 qui
708 1090 756 1131 te
779 1083 975 1131 invitum
996 1092 1310 1148 perrumpunt
1334 1085 1649 1148 omnibusque
1671 1086 1731 1134 de
1761 1084 1905 1134 rebus

238 1151 509 1215 consulunt,
531 1153 809 1201 excessisse
830 1153 922 1202 iam
946 1153 1128 1218 pridem
1151 1162 1377 1218 equestre
1399 1155 1641 1217 fastigium
1661 1155 1905 1219 longeque

237 1222 416 1271 antisse
454 1221 606 1286 patris
640 1223 733 1270 mei
761 1224 993 1272 amicitias
1028 1239 1125 1272 non
1165 1224 1343 1273 occulti
1374 1225 1532 1273 ferunt
1567 1240 1752 1290 perque
1787 1224 1904 1272 invi-

237 1292 362 1340 diam
388 1294 451 1339 tui
475 1306 550 1339 me
578 1306 771 1356 quoque
797 1294 1029 1359 incusant.
1075 1301 1122 1342 at
1161 1295 1285 1342 enim
1311 1293 1558 1357 Augustus
1595 1294 1738 1343 liliam
1775 1308 1908 1342 suam

238 1361 386 1426 equiti
414 1361 630 1410 Romano
656 1359 847 1410 tradere
873 1363 1125 1411 meditatus
1152 1371 1240 1412 est.
1291 1365 1455 1412 mirum
1477 1363 1677 1418 hercule
1694 1401 1708 1427 ,
1738 1365 1776 1412 si
1802 1378 1908 1412 cum

178 1450 220 1484 25
236 1432 283 1480 in
319 1432 471 1480 omnis
499 1446 638 1480 curas
669 1431 1013 1480 distraheretur
1039 1434 1410 1498 immensumque
1444 1433 1599 1482 attolli
1626 1432 1909 1498 provideret

239 1516 382 1566 quem
412 1502 751 1551 coniunctione
781 1501 863 1550 tali
889 1517 1035 1567 super
1065 1503 1188 1551 alios
1214 1504 1494 1566 extulisset,
1522 1502 1575 1551 G.
1606 1503 1908 1552 Proculeium

239 1578 287 1620 et
318 1571 550 1635 quosdam
586 1571 633 1619 in
669 1571 970 1620 sermonibus
1001 1572 1163 1621 habuit
1187 1573 1363 1636 insigni
1390 1573 1733 1637 tranquillitate
1758 1573 1904 1637 vitae,

238 1641 379 1704 nullis
424 1642 495 1690 rei
544 1640 768 1706 publicae
807 1643 1016 1705 negotiis
1052 1643 1358 1706 permixtos·
1404 1641 1491 1690 sed
1534 1644 1572 1690 si
1610 1641 1906 1692 dubitatione

238 1710 444 1774 Augusti
470 1709 733 1773 movemur,
757 1716 933 1775 quanto
959 1711 1167 1762 validius
1194 1719 1269 1760 est
1289 1711 1416 1776 quod
1437 1711 1604 1760 Marco
1631 1711 1904 1776 Agrippae,

181 1797 223 1832 30
239 1794 352 1828 mox
384 1780 495 1828 mihi
528 1779 836 1830 conlocavit?
872 1789 1013 1846 atque
1053 1796 1149 1844 ego
1188 1781 1312 1830 haec
1349 1795 1437 1845 pro
1464 1781 1669 1831 amicitia
1701 1795 1799 1830 non
1824 1796 1904 1830 oc-

241 1849 440 1899 cultavi:
480 1857 692 1898 ceterum
726 1865 885 1915 neque
919 1852 1012 1899 tuis
1047 1866 1206 1915 neque
1246 1851 1409 1900 Liviae
1452 1850 1699 1900 destinatis
1735 1850 1904 1900 adver·

239 1918 400 1969 sabor.
467 1920 572 1983 ipse
611 1920 722 1985 quid
761 1922 883 1969 intra
920 1921 1123 1970 animum
1163 1921 1506 1982 volutaverim,
1541 1919 1712 1985 quibus
1751 1920 1906 1970 adhuc

238 1989 673 2038 necessitudinibus
713 1991 969 2039 inmiscere
1006 1998 1054 2039 te
1090 1990 1200 2039 mihi
1229 2005 1418 2054 parem,
1447 1991 1655 2040 omittam
1682 1989 1741 2039 ad
1767 2005 1904 2055 prae-

241 2074 351 2108 sens
388 2059 600 2108 referre:
642 2060 688 2109 id
729 2068 906 2109 tantum
944 2062 1181 2125 aperiam,
1225 2059 1341 2107 nihil
1372 2075 1482 2108 esse
1516 2067 1609 2108 tam
1641 2060 1904 2122 excelsum,

183 2145 223 2178 35
243 2127 372 2194 quod
397 2143 492 2177 non
520 2130 720 2179 virtutes
751 2132 873 2179 istae
899 2138 1102 2194 tuusque
1127 2131 1174 2178 in
1197 2145 1272 2178 me
1299 2131 1478 2178 animus
1502 2136 1798 2191 mereantur,
1827 2128 1903 2178 da-

241 2206 390 2263 toque
416 2206 636 2264 tempore
664 2200 742 2248 vel
768 2201 813 2248 in
840 2208 1008 2248 senatu
1033 2200 1111 2248 vel
1141 2201 1186 2247 in
1214 2200 1437 2248 contione
1468 2213 1562 2247 non
1589 2198 1847 2248 reticebo.’

343 2269 426 2317 41.
460 2270 663 2318 Rursum
691 2270 916 2333 SeianuS,
958 2284 1054 2318 non
1081 2270 1171 2318 iam
1200 2269 1258 2317 de
1284 2269 1608 2332 matrimonio,
1650 2267 1735 2316 sed
1766 2267 1904 2316 altius

242 2344 482 2399 metuens,
513 2340 654 2387 tacita
682 2340 1020 2403 suspitionum,
1058 2339 1191 2401 vulgi
1219 2353 1484 2400 rumorem,
1514 2338 1812 2400 ingruentem
1837 2339 1904 2386 iu·

242 2406 415 2455 vidiam
445 2407 748 2471 deprecatur.
791 2423 847 2456 ac
872 2423 933 2456 ne
961 2407 1184 2456 adsiduos
1212 2409 1257 2454 in
1284 2407 1470 2455 domum
1498 2414 1666 2455 coetus
1691 2406 1903 2455 arcendo

242 2476 529 2539 infringeret
552 2478 812 2541 potentiam
833 2484 912 2525 aut
935 2476 1231 2541 receptando
1254 2477 1529 2526 facultatem
1553 2475 1907 2524 criminantibus

206 2545 530 2611 spraeberet,
576 2546 668 2595 huc
708 2546 866 2609 flexit,
903 2553 953 2594 ut
992 2546 1234 2595 Tiberium
1272 2547 1330 2595 ad
1371 2548 1511 2595 vitam
1549 2545 1718 2611 procul
1751 2546 1905 2595 Roma

245 2617 457 2664 amoenis
475 2615 597 2665 locis
618 2616 882 2679 degendam
904 2616 1188 2680 impelleret.
1228 2616 1370 2665 multa
1391 2617 1570 2680 quippe
1592 2615 1902 2680 providebat:

246 2701 331 2734 sua
358 2687 403 2733 in
438 2702 576 2735 manu
613 2686 764 2735 aditus
791 2686 1130 2750 literarumque
1155 2702 1324 2750 magna
1352 2701 1412 2734 ex
1440 2692 1575 2749 parte
1601 2700 1655 2732 se
1681 2684 1905 2733 arbitrum

245 2755 379 2818 fore,
424 2772 527 2804 cum
560 2772 644 2820 per
673 2757 848 2805 milites
876 2763 1218 2811 commearent;
1252 2770 1363 2804 mox
1389 2753 1645 2803 Caesarem
1670 2761 1904 2818 vergente

245 2825 336 2871 iam
369 2834 564 2875 senecta
601 2834 893 2889 secretoque
932 2826 1029 2874 loci
1073 2825 1302 2874 mollitum
1327 2825 1481 2880 munia
1506 2824 1690 2887 imperii
1717 2823 1904 2873 facilius

194 2912 231 2945 ιο
248 2896 592 2949 tramissurum:
622 2903 668 2943 et
692 2897 832 2944 minui
855 2894 945 2943 sibi
970 2895 1188 2943 invidiam
1211 2895 1428 2959 adempta
1450 2892 1729 2941 salutantum
1751 2892 1902 2956 turba,
