1976 3224
201 140 298 189 120
612 149 888 186 CORNELII
925 148 1119 186 TAcrm
1156 149 1459 188 ANNALIUM

142 292 181 324 15
199 281 321 341 niuS,
351 279 429 343 qui
454 276 670 326 Africam
696 276 1027 340 obtinuerant,
1063 278 1299 326 insontem
1337 281 1693 343 protexissent,
1732 279 1866 328 clari-

197 348 358 398 tudine
395 347 587 396 infausti
612 347 810 410 generis
837 354 884 395 et
909 348 1124 411 paternis
1150 348 1369 396 adversis
1395 347 1524 397 foret
1547 349 1834 398 abstractus.

187 424 190 426 ’
303 418 383 467 14.
432 416 479 465 Is
526 431 720 481 quoque
761 432 911 465 annus
957 416 1230 479 legationes
1275 416 1568 467 Graecarum
1614 419 1868 467 civitatium

198 488 385 550 habuit,
431 486 604 535 Samiis
642 486 861 550 Iunonis,
910 485 1026 536 Cois
1053 486 1337 551 Aesculapii
1387 487 1589 537 delubro
1632 496 1871 537 vetustum

198 558 320 620 asyli
346 558 419 606 ius
445 564 493 605 ut
520 557 787 605 firmaretur
812 556 1102 621 petentibus,
1159 558 1303 605 Samii
1329 557 1529 607 decreto
1555 558 1870 622 Amphictyo·

197 643 307 676 num
343 626 642 688 nitebantur,
693 627 800 690 quis
832 627 1144 691 praecipuum
1183 628 1270 675 fuit
1306 643 1464 676 rerum
1501 629 1707 676 omnium
1755 627 1870 676 iudi-

161 715 180 745 5
203 699 352 760 cium,
392 711 483 761 qua
510 692 802 760 tempestate
827 695 999 746 Graeci
1026 697 1230 746 conditis
1258 713 1347 762 per
1366 697 1531 746 Asiam
1559 697 1755 746 urbibus
1787 711 1872 746 ora

197 768 343 816 maris
382 765 707 831 potiebantur.
771 782 930 830 neque
971 766 1134 830 dispar
1169 768 1296 831 apud
1323 766 1463 818 ‘Coos
1501 769 1786 832 antiquitaS,
1825 773 1873 815 et

197 836 467 887 accedebat
493 837 709 884 meritum
735 851 797 884 ex
820 837 958 886 loco:
995 852 1102 885 nam
1129 838 1262 886 cives
1285 838 1530 886 Romanos
1570 837 1752 902 templo
1774 836 1870 885 Ae·

199 907 404 970 sculapii
430 906 730 968 induxerant,
764 921 869 955 cum
893 907 1024 955 iussu
1053 908 1189 970 regis
1209 907 1492 956 Mithridatis
1521 907 1647 971 apud
1675 914 1873 956 cunctas
1902 943 1907 945 Α

198 977 347 1025 Asiae
382 975 563 1024 insulas
599 983 648 1023 et
689 975 835 1024 urbes
872 976 1238 1025 trucidarentur.
1289 979 1435 1026 variis
1473 976 1646 1026 dehinc
1681 985 1729 1025 et
1766 991 1871 1025 sae-

143 1059 182 1091 10
202 1049 310 1112 pius
335 1047 487 1094 inritis
513 1052 789 1109 praetorum
819 1045 1098 1109 questibuS,
1134 1054 1382 1110 postremo
1410 1045 1592 1096 Caesar
1628 1047 1687 1095 de
1723 1047 1871 1094 inmo·

199 1116 352 1165 destia
378 1115 660 1163 histrionum
686 1115 893 1165 rettulit:
931 1115 1078 1164 multa
1106 1115 1163 1164 ab
1190 1118 1248 1165 iis
1274 1118 1321 1165 in
1349 1115 1592 1180 publicum
1619 1115 1870 1177 seditiose,

197 1185 341 1235 foeda
379 1200 468 1249 per
517 1184 687 1233 domos
730 1186 974 1250 temptari:
1016 1184 1192 1234 Oscum
1230 1186 1466 1250 quondam
1504 1185 1761 1248 ludicrum,
1803 1186 1869 1233 le-

198 1256 423 1303 vissimae
450 1254 576 1318 apud
602 1254 798 1317 vulgum
824 1254 1191 1319 oblectationiS,
1221 1271 1281 1305 eo
1311 1255 1601 1318 flagitiorum
1632 1263 1679 1304 et
1702 1257 1871 1303 virium

196 1325 419 1386 venisse,
459 1330 516 1372 ut
549 1326 833 1373 auctoritate
874 1333 1060 1389 patrum
1099 1325 1421 1374 coercendum
1462 1326 1538 1373 sit.
1606 1325 1729 1390 pulsi
1776 1333 1869 1375 tum

140 1408 179 1439 15
200 1394 460 1443 histriones
489 1393 640 1443 Italia.

300 1464 379 1512 15.
421 1463 555 1512 Idem
586 1478 733 1512 annus
759 1463 855 1512 alio
893 1478 1084 1528 quoque
1122 1463 1254 1512 luctu
1281 1463 1542 1514 Caesarem
1571 1465 1775 1526 adfecit,
1804 1463 1870 1512 al-

195 1542 350 1582 terum
389 1549 451 1582 ex
491 1534 695 1596 geminis
731 1532 873 1581 Drusi
918 1533 1085 1581 liberis
1133 1535 1485 1598 extinguendo,
1531 1550 1688 1599 neque
1721 1535 1871 1582 minus

195 1610 350 1652 morte
389 1603 545 1652 amici.
611 1604 652 1651 is
688 1603 776 1651 fuit
799 1602 1008 1651 Lucilius
1037 1603 1261 1666 LonguS,
1307 1606 1512 1653 omnium
1559 1604 1627 1652 illi
1671 1604 1870 1652 tristium

196 1673 530 1736 laetorumque
567 1673 730 1721 socius
761 1687 978 1736 unusque
1016 1688 1042 1720 e
1089 1673 1391 1722 senatoribus
1427 1673 1604 1723 Rhodii
1644 1687 1870 1722 secessus

156 1756 379 1792 scomes.
442 1743 504 1790 ita
540 1756 823 1805 quamquam
861 1757 988 1790 novo
1026 1742 1202 1791 homini
1241 1745 1512 1791 censorium
1549 1743 1716 1806 funuS,
1767 1742 1868 1791 effi·

196 1813 326 1875 giem
351 1811 478 1875 apud
503 1811 658 1859 forum
688 1811 895 1874 Augusti
924 1811 1117 1876 publica
1146 1814 1351 1875 pecunia
1381 1821 1544 1878 patres
1582 1812 1868 1874 decrevere,

196 1880 322 1945 apud
360 1896 481 1945 quos
517 1883 658 1929 etiam
694 1888 794 1940 tum*
820 1889 991 1930 cuncta
1027 1882 1376 1944 tractabantur,
1409 1882 1531 1931 adeo
1567 1889 1617 1931 ut
1642 1897 1868 1946 procura-

194 1959 272 1999 tor
304 1950 454 1999 Asiae
491 1945 700 1999 Lucilius
732 1949 903 2015 Capito
933 1959 1192 2000 accusante
1227 1953 1476 2015 provincia
1512 1967 1703 2001 causam
1738 1951 1867 1999 dixe-

194 2022 282 2083 rit,
322 2036 495 2084 magna
533 2036 638 2069 cum
672 2020 1040 2069 adseveratione
1082 2022 1338 2086 principiS,
1375 2037 1469 2070 non
1507 2037 1559 2070 se
1595 2022 1666 2070 ius
1699 2023 1787 2069 nisi
1823 2023 1869 2068 in

138 2100 179 2134 10
198 2092 467 2140 servitia⁴et
493 2091 725 2155 pecunias
746 2090 1008 2139 familiares
1034 2090 1253 2140 dedisse:
1285 2091 1412 2155 quod
1438 2092 1477 2139 si
1505 2093 1599 2139 vim
1626 2091 1868 2155 praetoris

194 2168 480 2225 usurpasset
508 2160 823 2225 manibusque
848 2160 1046 2209 militum
1072 2176 1186 2208 usus
1212 2160 1354 2223 foret,
1386 2168 1550 2225 spreta
1576 2162 1622 2208 in
1654 2175 1713 2209 eo
1738 2175 1865 2208 man—

195 2230 303 2279 data
331 2246 440 2279 sua:
471 2230 688 2279 audirent
714 2231 893 2279 socios.
942 2231 1006 2279 ita
1026 2245 1139 2278 reus
1162 2232 1360 2293 cognito
1383 2232 1583 2292 negotio
1605 2229 1866 2279 damnatur.

195 2299 257 2348 ob
298 2315 437 2363 quam
473 2300 728 2362 ultionem,
768 2307 816 2348 et
853 2301 962 2363 quia
999 2300 1163 2363 priore
1200 2315 1324 2348 anno
1361 2301 1407 2347 in
1438 2298 1491 2347 G.
1527 2300 1735 2348 Silanum
1766 2300 1864 2346 vin-

195 2369 400 2418 dicatum
431 2377 561 2431 erat,
605 2369 873 2417 decrevere
901 2369 1050 2417 Asiae
1088 2369 1232 2416 urbes
1269 2368 1496 2431 templum
1536 2368 1731 2417 Tiberio
1770 2383 1864 2415 ma-

137 2452 177 2484 15
198 2439 355 2502 trique
389 2439 491 2487 eius
522 2454 578 2487 ac
610 2438 808 2487 senatui.
869 2446 916 2486 et
947 2439 1227 2502 permissum
1255 2445 1487 2493 statuere;
1518 2439 1713 2501 egitque
1733 2436 1864 2485 Nero

194 2515 360 2571 grates
389 2524 445 2557 ea
474 2523 616 2557 causa
645 2507 858 2571 patribus
894 2515 1037 2571 atque
1077 2522 1193 2570 avo,
1234 2507 1386 2555 laetas
1422 2508 1545 2556 inter
1580 2507 1864 2556 audientium

192 2578 525 2639 adfectiones,
570 2579 649 2642 qui
696 2578 880 2625 recenti
926 2578 1152 2624 memoria
1194 2576 1464 2626 Germanici
1511 2576 1643 2625 illum
1690 2577 1862 2639 aspici,

192 2647 323 2695 illum
359 2648 510 2697 audiri
549 2647 793 2696 rebantur.
849 2646 1142 2710 aderantque
1176 2647 1333 2695 iuveni
1359 2647 1593 2695 modestia
1620 2661 1677 2695 ac
1712 2646 1863 2693 forma

194 2718 417 2781 principe
443 2720 547 2766 viro
574 2717 746 2780 digna,
784 2718 909 2765 notis
938 2718 982 2763 in
1012 2731 1115 2765 eum
1150 2717 1307 2764 Seiani
1344 2715 1466 2764 odiis
1505 2715 1565 2763 ob
1600 2714 1862 2780 periculum

136 2796 175 2825 νο
193 2788 424 2847 gratiora.

298 2856 376 2903 16.
433 2854 530 2903 Sub
567 2854 690 2902 idem
734 2862 920 2916 tempus
965 2856 1021 2902 de
1060 2855 1246 2902 flamine
1283 2853 1406 2901 Diali
1447 2855 1489 2900 in
1528 2853 1684 2901 locum
1722 2854 1862 2900 Servi
