1976 3224
261 205 356 254 176
669 216 946 255 CORNELII
973 216 1169 255 TAcrrI
1196 215 1501 254 ANNALIUM

256 342 584 408 exprobravit.
626 349 673 392 et
699 343 817 392 Gaio
847 343 1071 408 Caesari,
1114 345 1241 393 forte
1269 352 1375 394 orto
1408 360 1632 394 sermone
1664 346 1716 395 L.
1744 346 1924 396 Sullam

198 431 239 464 15
258 413 505 476 inridenti,
550 414 705 462 omnia
734 414 898 463 Sullae
925 416 1038 463 vit-ia
1069 423 1117 463 et
1146 415 1322 463 nullam
1360 415 1574 463 eiusdem
1598 416 1819 464 virtutem
1843 416 1923 465 ha-

253 483 456 531 biturum
496 483 748 547 praedixit.
804 484 943 532 simul
980 484 1166 532 crebris
1210 499 1314 532 cum
1353 484 1561 533 lacrimis
1598 487 1828 534 minorem
1862 502 1926 535 ex

252 552 512 618 nepotibus
543 553 829 618 conplexus,
858 555 979 602 truci
1006 554 1204 602 alterius
1230 554 1388 615 vultu,
1427 555 1657 604 ‘occides
1695 555 1822 604 hunc
1845 559 1923 604 tu’

252 625 404 688 inquit
442 625 521 671 ‘et
555 630 601 671 te
643 623 802 670 alius.'
852 623 938 672 sed
964 631 1286 687 gravescente
1315 624 1591 673 valetudine
1627 625 1742 674 nihil
1768 641 1795 674 e
1820 625 1924 675 libi-

255 692 444 742 dinibus
472 692 739 755 omittebat,
779 695 825 741 in
854 695 1085 758 patientia
1111 693 1443 742 firmitudinem
1467 695 1694 744 simulans
1733 695 1924 744 solitus-

195 782 238 816 20
254 779 347 829 que
378 763 576 811 eludere
603 762 896 811 medicorum
922 771 1050 812 artes
1077 771 1219 828 atque
1249 778 1363 827 eOS,
1394 764 1473 828 qui
1499 772 1610 828 post
1635 766 1926 814 tricesimum

255 834 426 882 aetatis
461 847 630 881 annum
665 833 724 881 ad
758 833 1131 882 internoscenda
1164 835 1360 898 corpori
1405 847 1493 883 suo
1521 834 1651 883 utilia
1677 834 1755 884 vel
1781 837 1926 884 noxia

253 904 399 952 alieni
427 903 615 951 consilii
642 903 929 965 indigerent.

196 973 251 1019 47
358 974 441 1023 53.
481 972 674 1021 Interim
698 973 882 1022 Romae
910 973 1079 1021 futuris
1111 973 1253 1021 etiam
1283 981 1394 1038 post
1424 973 1667 1023 Tiberium
1695 975 1926 1024 caedibus

255 1043 435 1092 semina
460 1043 772 1091 iaciebantur.
821 1042 1013 1091 Laelius
1036 1042 1215 1091 Balbus
1236 1042 1471 1107 Acutiam,
1499 1044 1549 1092 P.
1572 1045 1755 1094 Vitellii
1777 1060 1924 1110 quon-

255 1114 360 1162 dam
386 1127 601 1176 uxorem,
630 1112 890 1162 maiestatis
919 1112 1277 1177 postulaverat;
1307 1128 1397 1177 qua
1418 1114 1636 1162 damnata
1658 1129 1763 1163 cum
1787 1130 1924 1180 prae-

252 1185 394 1232 mium
432 1184 705 1231 accusatori
746 1182 1116 1245 decerneretur,
1152 1181 1311 1231 Iunius
1349 1182 1473 1232 Otho
1511 1184 1726 1233 tribunus
1764 1185 1927 1249 plebei

213 1253 557 1316 5intercessit,
597 1252 721 1300 unde
753 1253 850 1302 illis
880 1253 1017 1314 odia,
1058 1267 1171 1301 mox
1201 1251 1375 1302 Othoni
1403 1255 1612 1302 exitium.
1668 1253 1777 1303 dein
1811 1255 1925 1304 mul-

252 1333 409 1373 torum
437 1322 679 1371 amoribus
706 1322 892 1371 famosa
918 1322 1188 1385 Albucilla,
1232 1324 1307 1371 cui
1331 1326 1678 1373 matrimonium
1710 1340 1814 1373 cum
1842 1325 1924 1373 Sa·

251 1394 344 1443 trio
377 1393 602 1441 Secundo
641 1394 983 1442 coniurationis
1018 1393 1178 1442 indice
1211 1393 1393 1456 fuerat,
1433 1394 1647 1443 defertur
1685 1395 1926 1458 inpietatis

251 1466 299 1511 in
327 1463 622 1529 principem:
666 1463 1044 1511 conectebantur
1081 1470 1131 1511 ut
1167 1465 1350 1511 conscii
1384 1472 1432 1512 et
1468 1464 1670 1513 adulteri
1708 1467 1811 1513 eius
1838 1463 1924 1513 Cn.

250 1534 512 1595 DomitiuS,
552 1531 725 1582 Vibius
758 1533 974 1595 MarsuS,
1011 1533 1062 1581 L.
1098 1532 1367 1582 Arruntius.
1419 1534 1478 1582 de
1514 1534 1795 1583 claritudine
1830 1534 1925 1583 Do-

194 1620 236 1654 10
252 1605 366 1653 mitii
407 1618 552 1667 supra
588 1604 876 1659 memoravi;
915 1602 1102 1652 Marsus
1137 1617 1328 1667 quoque
1356 1605 1558 1652 vetustis
1585 1604 1850 1652 honoribus
1879 1611 1927 1652 et

252 1674 466 1723 inlustris
503 1673 672 1721 studiis
712 1681 831 1721 erat.
897 1672 983 1722 sed
1021 1674 1211 1722 testium
1245 1674 1641 1736 interrogationi,
1676 1674 1925 1722 tormentis

253 1758 505 1797 servorum
551 1742 829 1792 Macronem
872 1743 1181 1808 praesedisse
1231 1744 1556 1797 commentarii
1605 1743 1663 1791 ad
1711 1751 1926 1792 senatum

250 1815 383 1862 missi
409 1812 482 1860 fei
486 1811 654 1874 ebant
689 1812 946 1877 nullaeque
984 1813 1031 1860 in
1060 1827 1146 1860 eos
1171 1813 1477 1877 imperatoris
1503 1812 1672 1861 literae
1699 1814 1924 1878 suspitio-

251 1899 361 1932 nem
397 1882 599 1942 dabant,
634 1881 845 1931 invalido
885 1897 941 1931 ac
978 1883 1190 1931 fortasse
1230 1884 1400 1945 ignaro
1440 1883 1552 1932 licta
1587 1883 1821 1948 pleraque
1862 1882 1925 1932 ob

193 1971 235 2006 15
255 1953 520 2002 inimicitias
548 1951 790 2000 Macronis
816 1959 954 2001 notas
979 1954 1026 2000 in
1050 1952 1339 2000 Arruntium.

193 2030 251 2075 48
360 2024 442 2072 54.
485 2022 636 2085 Igitur
667 2022 900 2070 Domitius
941 2022 1272 2070 defensionem
1301 2022 1564 2084 meditans,
1596 2021 1782 2072 Marsus
1811 2028 1925 2070 tam·

251 2108 390 2159 quam
434 2092 638 2141 inediam
691 2091 1059 2154 destinavisset,
1109 2091 1384 2156 produxere
1435 2094 1602 2141 vitam:
1654 2090 1925 2154 ArruntiuS,

253 2163 605 2213 cunctationem
644 2169 692 2210 et
725 2177 887 2210 moras
924 2162 1232 2210 suadentibus
1267 2162 1456 2225 amicis,
1499 2176 1594 2210 non
1620 2160 1788 2209 eadem
1826 2175 1924 2209 om-

251 2234 388 2282 nibus
419 2232 599 2281 decora
626 2232 902 2296 respondit:
933 2231 1023 2280 sibi
1050 2233 1165 2281 satis
1195 2233 1391 2294 aetatiS,
1424 2247 1583 2296 neque
1609 2230 1736 2279 aliud
1763 2231 1922 2295 paeni-

212 2303 443 2352 stendum
481 2317 620 2366 quam
656 2302 783 2366 quod
819 2303 943 2350 inter
978 2301 1181 2350 ludibria
1226 2309 1274 2350 et
1308 2301 1525 2366 pericula
1561 2302 1749 2350 anxiam
1786 2315 1923 2349 sene-

251 2379 373 2421 ctam
399 2372 734 2434 toleravisset,
772 2371 850 2419 diu
877 2371 1081 2433 Seian0,
1122 2386 1246 2419 nunc
1271 2372 1516 2433 Macroni,
1554 2385 1749 2435 semper
1782 2370 1925 2419 alicui

250 2443 516 2508 potentium
552 2442 758 2503 invisuS,
798 2454 894 2488 non
930 2440 1097 2505 culpa,
1136 2440 1222 2488 sed
1260 2448 1310 2489 ut
1345 2441 1635 2503 flagitiorum
1669 2440 1924 2504 inpatiens.

250 2527 366 2560 sane
394 2525 578 2575 paucos
609 2517 657 2558 et
678 2525 932 2575 supremos
954 2511 1186 2575 principis
1210 2510 1314 2558 dies
1337 2525 1486 2575 posse
1506 2510 1673 2558 vitari:
1702 2524 1842 2573 quem
1864 2510 1923 2558 ad

250 2582 438 2630 modum
473 2595 723 2629 evasurum
769 2580 1054 2628 imminentis
1096 2579 1370 2629 iuventam?
1420 2596 1502 2642 an,
1557 2594 1662 2627 cum
1704 2578 1924 2627 Tiberius

193 2669 233 2703 ιο
255 2657 368 2718 post
403 2658 579 2700 tantam
617 2665 775 2698 rerum
819 2651 1165 2716 experientiam
1212 2652 1257 2698 vi
1295 2649 1626 2699 dominationis
1664 2649 1923 2697 convulsus

251 2730 300 2771 et
334 2728 537 2770 mutatus
578 2722 660 2784 sit,
703 2720 867 2769 Gaium
896 2719 1157 2769 Caesarem
1177 2722 1259 2768 vix
1285 2721 1415 2769 finita
1441 2719 1669 2784 pueritia,
1708 2718 1924 2781 ignarum

253 2793 456 2840 omnium
493 2798 569 2839 aut
606 2792 827 2855 pessimis
864 2791 1162 2852 innutritum,
1207 2790 1408 2839 meliora
1442 2787 1791 2853 capessiturum
1824 2787 1921 2837 Ma-

253 2875 402 2909 crone
441 2859 602 2909 duce?
641 2863 719 2923 qui
757 2868 805 2908 ut
840 2860 1055 2909 deterior
1094 2859 1152 2907 ad
1190 2857 1554 2924 opprimendum
1582 2857 1803 2906 Seianum
1841 2857 1920 2906 de-

252 2929 404 2978 lectus
440 2930 574 2994 plura
611 2945 699 2993 per
736 2929 925 2978 scelera
962 2944 1062 2977 rem
1096 2928 1333 2994 publicam
1373 2926 1763 2977 conflictavisset
1810 2941 1921 2993 pro
1974 2962 1976 3004 ἶ

1973 3013 1976 3126 ἕ
