1976 3224
588 176 765 214 LIBER
793 177 869 214 1v.
909 177 1032 216 CAP.
1062 176 1262 220 13—18.
1667 166 1760 215 121

34 313 38 322 ’
99 305 442 368 Maluginensis
469 303 679 352 defuncti
707 303 936 367 legendO,
971 305 1107 352 simul
1131 304 1350 368 roganda
1380 319 1504 352 nova
1530 304 1645 366 lege
1672 303 1763 353 dis-

101 375 248 423 seruit
281 373 476 423 Caesar.
526 388 632 422 nam
659 375 888 438 patricios
915 374 1229 422 confarreatis
1255 371 1534 438 parentibus
1571 376 1765 436 genitos

102 451 196 492 tres
221 444 358 491 simul
384 443 644 505 nominari,
674 457 736 491 ex
764 444 867 507 quis
901 459 1021 491 unus
1062 443 1333 507 legeretur,
1375 451 1565 492 vetusto
1603 457 1762 500 more;

101 528 256 577 neque
280 513 473 576 adesse,
506 521 555 561 ut
579 513 717 575 olim,
747 527 851 561 eam
880 513 1092 578 copiam,
1118 515 1292 561 omissa
1320 512 1653 562 confarreandi
1685 512 1761 561 ad·
1785 526 1808 556 5

101 581 349 631 suetudIne
374 590 452 631 aut
477 583 600 631 inter
629 596 813 647 paucos
841 590 1043 632 retenta.
1106 582 1371 646 pluresque
1406 584 1508 631 eius
1547 584 1619 630 rei
1657 597 1764 630 cau-

101 668 178 701 sas
213 651 488 714 adferebat,
538 653 833 716 potissimam
868 667 1021 717 penes
1057 654 1284 700 incuriam
1322 653 1533 700 virorum
1569 652 1764 700 femina-

99 736 320 785 rumque:
361 721 600 770 accedere
643 729 691 770 et
726 724 877 786 ipsius
916 722 1234 771 caerimoniae
1274 721 1609 783 difficultateS,
1644 735 1765 785 quae

101 791 321 840 consulto
351 791 634 854 vitarentur,
665 799 712 840 et
742 791 870 855 quod
896 794 1049 840 exiret
1076 807 1102 840 e
1129 792 1229 840 iure
1257 793 1412 856 patrio
1445 792 1522 855 qui
1548 790 1595 839 id
1621 791 1764 839 flami-

98 861 222 909 nium
249 861 550 924 apisceretur
575 876 792 925 quaeque
819 863 864 909 in
902 876 1088 909 manum
1115 861 1316 909 flaminis
1343 862 1639 910 conveniret.
1703 861 1764 908 ita
1784 879 1825 912 10

98 929 379 979 medendum
405 938 596 979 senatus
625 930 823 979 decreto
851 938 929 979 aut
955 930 1085 993 lege,
1115 932 1238 978 sicut
1265 930 1512 994 Augustus
1533 930 1765 994 quaedam

101 1015 162 1048 ex
186 999 380 1048 horrida
408 1000 489 1048 illa
512 1001 788 1064 antiquitate
817 999 875 1048 ad
905 1007 1211 1064 praesentem
1239 1016 1370 1048 usum
1398 1001 1630 1048 flexisset.
1676 1000 1762 1062 igi-

100 1077 175 1121 tur
211 1069 428 1117 tractatis
472 1069 788 1132 religionibus
834 1069 1058 1133 placitum
1111 1071 1322 1118 instituto
1373 1070 1607 1118 flaminum
1651 1069 1764 1117 nihil

100 1138 350 1187 demutari:
382 1137 467 1187 sed
490 1138 584 1187 lata
611 1138 718 1201 lex,
757 1154 847 1203 qua
883 1139 1115 1187 flaminica
1149 1138 1300 1187 Dialis
1336 1154 1581 1187 sacrorum
1619 1153 1764 1188 causa

99 1210 145 1256 in
175 1214 424 1273 potestate
470 1208 590 1270 viri,
644 1216 806 1257 cetera
840 1211 1080 1273 promisco
1117 1208 1394 1257 feminarum
1434 1210 1535 1257 iure
1578 1216 1761 1271 ageret.
1783 1222 1818 1254 ιε

101 1286 149 1326 et
175 1277 299 1326 filius
322 1276 668 1340 Maluginensis
696 1280 816 1342 patri
839 1278 1081 1326 suffectus.
1127 1285 1271 1343 utque
1291 1279 1526 1342 glisceret
1548 1277 1762 1341 dignatio

102 1346 406 1396 sacerdotum
431 1354 572 1412 atque
599 1348 717 1411 ipsis
749 1350 1016 1411 promptior
1044 1348 1223 1396 animus
1245 1348 1374 1397 foret
1408 1347 1468 1397 ad
1504 1363 1762 1412 capessen-

101 1417 186 1465 das
213 1417 543 1480 caerimoniaS,
571 1416 815 1466 decretum
841 1415 1095 1466 Corneliae
1126 1419 1327 1481 virgini,
1368 1432 1490 1482 quae
1528 1418 1574 1464 in
1602 1417 1764 1465 locum

102 1486 324 1535 Scantiae
353 1485 646 1551 capiebatur,
669 1488 939 1535 sestertium
965 1487 1173 1551 viciens,
1210 1495 1258 1535 et
1300 1488 1519 1551 quotiens
1543 1486 1763 1549 Augusta

100 1555 331 1604 theatrum
357 1556 619 1616 introisset,
646 1563 695 1604 ut
720 1555 864 1604 sedes
890 1557 1013 1604 inter
1035 1557 1301 1606 Vestalium
1329 1556 1620 1605 consideret.
1777 1569 1822 1600 20

212 1626 291 1673 17.
329 1623 556 1674 Cornelio
587 1623 807 1688 Cethego
827 1626 1032 1675 Visellio
1064 1627 1291 1675 Varrone
1330 1625 1606 1675 consulibus
1642 1639 1758 1690 pon-

98 1695 252 1743 tifices
282 1708 543 1758 eorumque
570 1694 794 1759 exemplo
827 1696 976 1744 ceteri
1000 1695 1309 1758 sacerdoteS,
1357 1711 1460 1744 cum
1504 1709 1593 1759 pro
1628 1697 1760 1743 inco-

101 1763 309 1812 lumitate
338 1765 570 1828 principis
597 1771 710 1813 vota
735 1767 1055 1829 susciperent,
1083 1764 1327 1815 Neronem
1353 1780 1543 1830 quoque
1567 1771 1615 1813 et
1638 1763 1758 1812 Dru·

101 1848 201 1881 sum
235 1832 387 1881 isdem
426 1833 498 1881 dis
544 1834 970 1897 commendavere,
1021 1849 1117 1883 non
1157 1843 1251 1883 tam
1301 1837 1498 1884 caritate
1541 1836 1761 1883 iuvenum

104 1916 241 1965 quam
272 1902 559 1964 adulatione,
588 1917 710 1966 quae
736 1905 946 1952 moribus
975 1906 1215 1968 corruptis
1241 1904 1440 1968 perinde
1469 1919 1680 1968 ancepS,
1719 1903 1759 1951 si
1780 1913 1801 1944 5

101 1971 230 2029 nulla
270 1979 316 2019 et
361 1972 439 2018 ubi
477 1972 617 2020 nimia
657 1979 746 2018 est.
807 1988 912 2021 nam
951 1972 1172 2021 Tiberius
1205 1973 1327 2022 haud
1354 1988 1572 2036 umquam
1605 1973 1762 2021 domui

105 2040 369 2089 Germanici
398 2041 539 2103 mitis,
566 2048 661 2088 tum
682 2055 799 2089 vero
822 2043 1016 2105 aequari
1036 2041 1373 2091 adulescentes
1399 2050 1625 2091 senectae
1647 2056 1762 2090 suae

103 2111 388 2173 inpatienter
420 2109 654 2164 .indoluit;
705 2113 982 2175 accitosque
1023 2112 1277 2176 pontifices
1317 2119 1628 2175 percontatus
1673 2117 1761 2171 est,

101 2194 210 2227 num
250 2178 296 2227 id
332 2179 560 2243 precibus
596 2178 899 2244 Agrippinae
942 2188 1020 2229 aut
1064 2181 1201 2228 minis
1244 2181 1535 2229 tribuissent,
1605 2188 1652 2229 et
1694 2179 1763 2228 illi

104 2247 320 2312 quidem,
366 2263 647 2313 quamquam
693 2248 988 2312 abnuerent,
1040 2250 1229 2298 modice
1272 2251 1538 2314 perstricti;
1587 2251 1761 2298 etenim
1782 2262 1822 2295 10

104 2332 215 2380 pars
241 2333 411 2380 magna
439 2333 465 2366 e
496 2318 780 2382 propinquis
807 2320 957 2382 ipsius
987 2327 1068 2386 aut
1094 2321 1329 2384 primores
1362 2320 1565 2369 civitatis
1601 2326 1759 2367 erant:

104 2394 315 2435 ceterum
338 2389 387 2436 in
417 2394 583 2436 senatu
610 2390 828 2437 oratione
857 2390 1034 2437 monuit
1062 2389 1107 2436 in
1136 2396 1410 2452 posterum,
1439 2405 1500 2438 ne
1528 2390 1632 2452 quis
1666 2402 1762 2435 mo-

103 2455 227 2504 biles
252 2456 627 2506 adulescentium
656 2459 837 2506 animos
865 2460 1176 2521 praematuris
1202 2458 1465 2507 honoribus
1500 2458 1559 2506 ad
1598 2472 1762 2519 super-

22 2517 27 2594 l
103 2523 226 2573 biam
256 2526 531 2574 extolleret.
585 2526 790 2574 instabat
816 2529 996 2591 quippe
1025 2529 1226 2576 Seianus
1261 2526 1606 2590 incusabatque
1634 2525 1761 2573 didu-

106 2600 226 2642 ctam
254 2596 491 2644 civitatem
519 2600 567 2641 ut
595 2594 721 2642 civili
747 2595 903 2651 bello:
931 2611 1042 2644 esse
1065 2599 1143 2660 qui
1164 2611 1216 2644 se
1239 2598 1440 2659 partium
1461 2595 1761 2658 Agrippinae
1782 2615 1818 2647 ιε

103 2671 305 2726 vocent,
334 2680 392 2712 ac
417 2665 463 2711 ni
489 2664 765 2727 resistatur,
802 2664 910 2712 fore
942 2665 1117 2729 pluris3
1155 2680 1313 2727 neque
1354 2663 1478 2712 aliud
1513 2663 1764 2726 gliscentis

105 2729 372 2782 discordiae
398 2731 655 2781 remedium
688 2748 823 2796 quam
853 2734 892 2780 si
923 2749 1043 2781 unus
1084 2733 1268 2781 alterve
1307 2734 1510 2780 maxime
1549 2733 1762 2796 prompti

106 2799 510 2852 subverterentur.

214 2871 287 2918 18.
328 2871 430 2931 Qua
467 2886 607 2918 causa
648 2869 700 2918 C.
729 2870 903 2924 Silium,
929 2877 976 2918 et
1012 2870 1182 2919 Titium
1214 2870 1434 2919 Sabinum
1473 2870 1763 2934 adgreditur.
