1976 3224
213 202 316 252 298
665 211 942 250 CORNELII
968 211 1166 249 'rAmTI
1193 213 1497 250 ANNALIUM

147 364 150 368 ’
212 348 366 390 tractu
400 348 692 389 moveretur.
742 355 894 388 naves
930 354 1044 387 auro
1083 347 1131 388 et
1154 340 1305 388 ebore
1335 340 1610 403 distinctae,
1646 343 1876 404 remiges·

212 425 305 475 que
342 409 523 458 exoleti
550 425 638 474 per
674 416 858 458 aetates
889 416 937 457 et
967 410 1214 458 scientiam
1245 408 1487 457 libidinum
1524 409 1876 474 componeban-

213 488 302 527 tur.
352 479 582 528 volucres
623 486 670 527 et
710 478 840 526 feras
881 478 1084 527 diversis
1129 495 1156 527 e
1194 480 1336 527 terris
1380 486 1428 527 et
1474 479 1691 528 animalia
1733 481 1878 528 maris

155 564 194 596 ιο
212 548 409 597 Oceano
437 548 651 612 abusque
678 549 933 612 petiverat.
984 547 1308 612 crepidinibus
1335 550 1492 611 stagni
1524 549 1770 614 lupanaria
1798 548 1877 597 ad-

211 618 400 667 stabant
433 618 712 667 inlustribus
746 618 934 665 feminis
978 618 1247 683 completa:
1284 625 1332 666 et
1362 626 1527 667 contra
1563 626 1727 667 scorta
1754 618 1877 666 vise-

210 688 381 737 bantur
419 687 557 736 nudis
593 687 898 752 corporibus.
949 689 1039 736 iam
1071 695 1240 750 gestus
1275 695 1527 752 motusque
1562 687 1792 744 obsceni;
1831 694 1880 736 et

210 764 466 822 postquam
505 757 736 806 tenebrae
777 756 1094 819 incedebant,
1145 765 1368 821 quantum
1412 759 1542 807 iuxta
1585 758 1796 806 nemoris
1830 763 1880 805 et

212 828 519 876 circumiecta
563 835 695 876 tecta
732 840 1003 875 consonare
1039 834 1179 876 cantu
1213 834 1261 875 et
1297 826 1550 875 luminibus
1585 826 1876 876 clarescere.

153 911 192 942 15
210 899 319 961 ipse
354 912 443 961 per
480 898 612 946 licita
639 905 781 961 atque
814 896 992 944 inlicita
1019 896 1242 945 foedatus
1277 897 1393 945 nihil
1422 896 1589 960 flagitii
1614 896 1880 960 reliquerat

208 980 303 1030 quo
335 968 610 1031 corruptior
634 973 831 1029 ageret,
859 966 949 1013 nisi
981 981 1163 1030 paucos
1189 973 1304 1031 post
1328 966 1431 1014 dies
1457 967 1535 1015 uni
1560 981 1622 1014 ex
1647 966 1732 1014 illo
1761 979 1875 1014 con-

206 1036 536 1084 taminatorum
574 1050 731 1098 grege
770 1035 973 1100 (nomen
1000 1035 1309 1098 Pythagorae
1342 1035 1453 1100 fuit)
1481 1036 1530 1084 in
1563 1035 1754 1084 modum
1781 1034 1876 1083 sol-

207 1105 429 1152 lemnium
468 1106 800 1168 coniugiorum
839 1104 1163 1169 denupsisset.
1211 1105 1407 1153 inditum
1442 1106 1723 1170 imperatori
1747 1104 1876 1154 flam·

207 1189 387 1237 meum,
416 1175 508 1222 visi
539 1175 786 1238 auspiceS,
818 1173 907 1223 dos
936 1182 984 1223 et
1008 1175 1214 1237 genialis
1234 1182 1370 1223 torus
1392 1183 1439 1223 et
1458 1175 1594 1223 faces
1618 1174 1876 1239 nuptialeS,

141 1256 191 1290 20
212 1251 381 1292 cuncta
411 1244 617 1307 denique
646 1251 863 1309 spectata
891 1244 1014 1308 quae
1041 1246 1181 1293 etiam
1206 1245 1254 1292 in
1277 1245 1454 1293 femina
1479 1259 1579 1293 nox
1607 1245 1780 1309 operit.

314 1311 398 1363 38.
444 1314 668 1377 Sequitur
709 1313 902 1375 cladeS,
947 1314 1074 1362 forte
1117 1330 1175 1363 an
1210 1314 1325 1362 dolo
1364 1315 1597 1378 principis
1644 1315 1877 1362 incertum

209 1384 342 1447 (nam
379 1391 631 1446 utrumque
657 1391 885 1432 auctores
913 1383 1219 1448 prodidere),
1260 1384 1348 1432 sed
1374 1384 1591 1432 omnibus
1619 1398 1743 1448 quae
1766 1382 1878 1431 huic

205 1451 310 1500 urbi
338 1467 428 1516 per
452 1452 730 1501 violentiam
757 1454 935 1516 ignium
961 1454 1239 1502 acciderunt
1263 1455 1463 1516 gravior
1484 1461 1629 1518 atque
1649 1454 1874 1502 atrocior.

205 1522 385 1569 initium
406 1523 454 1569 in
479 1536 537 1570 ea
565 1530 702 1586 parte
733 1524 848 1571 circi
876 1530 1043 1586 ortum,
1072 1538 1195 1587 quae
1222 1523 1437 1572 Palatino
1461 1521 1726 1587 Caelioque
1744 1536 1874 1570 mon·

160 1608 186 1638 z,
206 1590 332 1639 tibus
360 1592 585 1654 contigua
608 1600 708 1654 est,
740 1591 820 1640 ubi
846 1607 934 1655 per
958 1593 1212 1654 tabernas,
1247 1592 1418 1656 quibus
1446 1593 1493 1640 id
1518 1592 1876 1640 mercimonium

204 1661 359 1708 inerat
385 1675 480 1724 quo
518 1661 701 1711 flamma
728 1662 892 1723 alitur,
931 1662 1068 1710 simul
1108 1670 1310 1726 coeptus
1338 1663 1460 1724 ignis
1495 1670 1544 1709 et
1577 1663 1733 1709 statim
1759 1659 1874 1708 vali-

204 1729 292 1778 dus
320 1745 378 1778 ac
406 1738 550 1779 vento
587 1733 709 1779 citus
742 1731 1087 1793 longitudinem
1123 1733 1239 1779 circi
1269 1733 1517 1795 corripuit.
1567 1745 1726 1794 neque
1751 1730 1874 1777 enim

200 1799 371 1847 domus
407 1801 706 1848 munimentis
738 1807 937 1864 saeptae
972 1801 1051 1849 vel
1088 1801 1267 1864 templa
1301 1802 1448 1849 muris
1474 1801 1631 1849 cincta
1656 1806 1736 1848 aut
1763 1797 1875 1862 quid

204 1868 332 1917 aliud
357 1871 529 1917 morae'
542 1869 875 1918 interiacebat.
902 1872 1082 1935 impetu
1101 1877 1419 1934 pervagatum
1439 1868 1708 1918 incendium
1734 1867 1873 1932 plana

145 1953 186 1984 ιο
205 1939 429 2003 primum,
466 1937 639 1986 deinde
674 1941 721 1987 in
763 1939 891 1988 edita
919 1940 1187 2002 adsurgens
1227 1947 1274 1988 et
1311 1954 1476 1988 rursus
1517 1938 1748 1987 inferiora
1787 1950 1871 2001 po-

201 2007 441 2072 pulando,
477 2009 642 2056 anteiit
667 2008 879 2057 remedia
907 2009 1166 2058 velocitate
1196 2008 1307 2057 mali
1340 2016 1388 2057 et
1418 2008 1628 2058 obnoxia
1654 2007 1771 2055 urbe
1799 2021 1871 2054 ar-

200 2078 260 2125 tis
297 2077 546 2125 itineribus
581 2077 771 2142 hucque
817 2085 866 2125 et
912 2079 1027 2127 illuc
1063 2079 1204 2127 flexis
1240 2086 1383 2142 atque
1423 2076 1697 2126 enormibus
1732 2076 1869 2136 vicis,

198 2146 358 2210 qualis
397 2154 535 2195 vetus
564 2147 718 2196 Roma
753 2148 853 2196 fuit.
904 2148 963 2196 ad
994 2148 1089 2196 hoc
1126 2148 1332 2196 lamenta
1368 2148 1639 2212 paventium
1677 2145 1870 2193 femina-

200 2231 326 2278 rum,
365 2216 497 2264 fessa
540 2217 740 2281 [aetate]
776 2225 856 2266 aut
893 2217 1023 2266 rudis
1057 2217 1333 2282 [pueritiae]
1370 2224 1529 2279 aetaS,
1577 2216 1752 2280 quique
1781 2213 1871 2262 sibi

145 2302 185 2333 15
203 2287 379 2349 quique
412 2286 517 2334 aliis
548 2286 879 2349 consulebant,
911 2286 1020 2335 dum
1046 2287 1237 2335 trahunt
1254 2286 1492 2335 invalidos
1512 2292 1592 2334 aut
1611 2286 1869 2349 opperiun-

201 2363 293 2415 tur,
325 2368 437 2417 pars
455 2368 607 2415 mora,
637 2371 750 2418 pars
769 2356 1023 2418 festinans,
1057 2364 1226 2404 cuncta
1247 2354 1588 2420 impediebant.
1628 2362 1677 2402 et
1701 2367 1868 2418 saepe,

202 2423 310 2471 dum
336 2425 382 2471 in
410 2431 598 2486 tergum
627 2432 930 2488 respectant,
970 2425 1198 2474 lateribus
1225 2431 1304 2473 aut
1339 2425 1500 2472 fronte
1528 2423 1868 2472 circumvenie-

199 2492 400 2555 bantur,
438 2492 518 2540 vel
550 2494 589 2540 si
627 2494 672 2541 in
700 2495 918 2557 proxima
947 2502 1226 2556 evaserant,
1262 2494 1358 2542 illis
1396 2507 1589 2558 quoque
1625 2493 1726 2556 igni
1762 2505 1866 2539 cor·

200 2563 377 2626 reptiS,
415 2565 555 2610 etiam
591 2578 713 2626 quae
751 2563 1013 2626 longinqua
1045 2562 1344 2612 crediderant
1377 2564 1424 2610 in
1455 2562 1626 2611 eodem
1653 2575 1766 2610 casu
1791 2575 1865 2607 re-

143 2645 185 2677 20
203 2630 470 2695 periebant.
524 2639 798 2695 postrem0,
845 2633 955 2696 quid
991 2635 1195 2681 vitarent
1229 2632 1341 2697 quid
1377 2639 1600 2696 peterent
1637 2628 1863 2691 ambigui,

203 2701 454 2764 complere
491 2703 620 2762 viaS,
672 2703 821 2750 sterni
860 2717 948 2766 per
985 2707 1156 2765 agros;
1205 2702 1392 2767 quidam
1427 2701 1613 2748 amissis
1647 2697 1887 2747 omnibus·

200 2771 433 2832 fortunis,
470 2769 622 2818 diurni
669 2786 861 2835 quoque
909 2771 1085 2834 victus,
1123 2770 1203 2819 alii
1244 2772 1440 2820 caritate
1483 2783 1703 2829 suorum,
1741 2781 1863 2831 quos

199 2839 393 2900 eripere
430 2841 769 2903 nequiverant,
806 2842 1018 2905 quamvis
1046 2848 1238 2904 patente
1264 2840 1443 2902 effugio
1478 2838 1721 2885 interiere.
1771 2849 1864 2884 nee

200 2907 448 2971 quisquam
475 2908 737 2957 defendere
766 2909 998 2972 audebat,
1040 2909 1226 2958 crebris
1253 2908 1503 2957 multorum
1531 2907 1666 2953 minis
1691 2906 1861 2953 restin-
