<?xml version="1.0" encoding="UTF-8"?>
<!DOCTYPE html PUBLIC "-//W3C//DTD XHTML 1.0 Transitional//EN"
    "http://www.w3.org/TR/xhtml1/DTD/xhtml1-transitional.dtd">
<html xmlns="http://www.w3.org/1999/xhtml" xml:lang="en" lang="en">
 <head>
  <title>
</title>
<meta http-equiv="Content-Type" content="text/html;charset=utf-8" />
  <meta name='ocr-system' content='tesseract 3.04.00' />
  <meta name='ocr-capabilities' content='ocr_page ocr_carea ocr_par ocr_line ocrx_word'/>
</head>
<body>
  <div class='ocr_page' id='page_1' title='image "./libriquisupersun01taciuoft_0276.png"; bbox 0 0 1976 3224; ppageno 0'>
   <div class='ocr_carea' id='block_1_1' title="bbox 262 158 1505 210">
    <p class='ocr_par' dir='ltr' id='par_1_1' title="bbox 262 158 1505 210">
     <span class='ocr_line' id='line_1_1' title="bbox 262 158 1505 210; baseline 0 -1"><span class='ocrx_word' id='word_1_1' title='bbox 262 158 363 210; x_wconf 79' lang='lat'><strong>218</strong></span> <span class='ocrx_word' id='word_1_2' title='bbox 665 169 943 209; x_wconf 73' lang='lat' dir='ltr'>CORNELII</span> <span class='ocrx_word' id='word_1_3' title='bbox 975 170 1172 208; x_wconf 78' lang='lat' dir='ltr'><strong>TAcm</strong></span> <span class='ocrx_word' id='word_1_4' title='bbox 1201 170 1505 209; x_wconf 78' lang='lat' dir='ltr'>ANNALIUM</span> 
     </span>
    </p>
   </div>
   <div class='ocr_carea' id='block_1_2' title="bbox 188 296 1961 2934">
    <p class='ocr_par' dir='ltr' id='par_1_2' title="bbox 260 296 1937 502">
     <span class='ocr_line' id='line_1_2' title="bbox 261 296 1937 365; baseline 0.002 -18"><span class='ocrx_word' id='word_1_5' title='bbox 261 305 595 365; x_wconf 82' lang='lat' dir='ltr'><strong>paupertatem</strong></span> <span class='ocrx_word' id='word_1_6' title='bbox 634 296 918 346; x_wconf 85' lang='lat' dir='ltr'>subsistere.</span> <span class='ocrx_word' id='word_1_7' title='bbox 977 306 1024 347; x_wconf 91' lang='lat' dir='ltr'><strong>et</strong></span> <span class='ocrx_word' id='word_1_8' title='bbox 1066 299 1207 346; x_wconf 82' lang='lat' dir='ltr'><strong>lixum</strong></span> <span class='ocrx_word' id='word_1_9' title='bbox 1248 306 1322 347; x_wconf 88' lang='lat' dir='ltr'><strong>est</strong></span> <span class='ocrx_word' id='word_1_10' title='bbox 1356 314 1470 348; x_wconf 87' lang='lat' dir='ltr'><strong>aere</strong></span> <span class='ocrx_word' id='word_1_11' title='bbox 1509 299 1704 363; x_wconf 89' lang='lat' dir='ltr'><strong>publico</strong></span> <span class='ocrx_word' id='word_1_12' title='bbox 1743 309 1937 351; x_wconf 87' lang='lat' dir='ltr'><strong>senatus</strong></span> 
     </span>
     <span class='ocr_line' id='line_1_3' title="bbox 261 366 1934 434; baseline 0.002 -17"><span class='ocrx_word' id='word_1_13' title='bbox 261 367 558 430; x_wconf 89' lang='lat' dir='ltr'><strong>consultum,</strong></span> <span class='ocrx_word' id='word_1_14' title='bbox 597 381 692 432; x_wconf 93' lang='lat' dir='ltr'><strong>quo</strong></span> <span class='ocrx_word' id='word_1_15' title='bbox 727 366 978 415; x_wconf 89' lang='lat' dir='ltr'><strong>libertinus</strong></span> <span class='ocrx_word' id='word_1_16' title='bbox 1006 369 1214 416; x_wconf 80' lang='lat' dir='ltr'><strong>sestertii</strong></span> <span class='ocrx_word' id='word_1_17' title='bbox 1250 369 1539 417; x_wconf 82' lang='lat' dir='ltr'><strong>ter-miliens</strong></span> <span class='ocrx_word' id='word_1_18' title='bbox 1566 384 1828 434; x_wconf 84' lang='lat' dir='ltr'><strong>possessor</strong></span> <span class='ocrx_word' id='word_1_19' title='bbox 1856 386 1934 420; x_wconf 89' lang='lat' dir='ltr'><strong>an·</strong></span> 
     </span>
     <span class='ocr_line' id='line_1_4' title="bbox 260 436 1392 502; baseline -0.002 -16"><span class='ocrx_word' id='word_1_20' title='bbox 260 440 421 502; x_wconf 86' lang='lat' dir='ltr'><strong>tiquae</strong></span> <span class='ocrx_word' id='word_1_21' title='bbox 451 437 774 502; x_wconf 87' lang='lat' dir='ltr'><strong>parsimoniae</strong></span> <span class='ocrx_word' id='word_1_22' title='bbox 798 436 1018 485; x_wconf 84' lang='lat' dir='ltr'><strong>laudibus</strong></span> <span class='ocrx_word' id='word_1_23' title='bbox 1049 436 1392 486; x_wconf 86' lang='lat' dir='ltr'><strong>cumulabatur.</strong></span> 
     </span>
    </p>

    <p class='ocr_par' dir='ltr' id='par_1_3' title="bbox 256 505 1934 782">
     <span class='ocr_line' id='line_1_5' title="bbox 368 505 1934 573; baseline 0.002 -18"><span class='ocrx_word' id='word_1_24' title='bbox 368 507 451 556; x_wconf 87' lang='lat'><strong>54.</strong></span> <span class='ocrx_word' id='word_1_25' title='bbox 486 506 550 555; x_wconf 90' lang='lat' dir='ltr'><strong>At</strong></span> <span class='ocrx_word' id='word_1_26' title='bbox 576 520 672 555; x_wconf 91' lang='lat' dir='ltr'><strong>non</strong></span> <span class='ocrx_word' id='word_1_27' title='bbox 697 506 848 555; x_wconf 88' lang='lat' dir='ltr'><strong>frater</strong></span> <span class='ocrx_word' id='word_1_28' title='bbox 875 508 993 569; x_wconf 80' lang='lat' dir='ltr'><strong>eiuS,</strong></span> <span class='ocrx_word' id='word_1_29' title='bbox 1027 515 1350 570; x_wconf 85' lang='lat' dir='ltr'><strong>cognomento</strong></span> <span class='ocrx_word' id='word_1_30' title='bbox 1379 505 1542 570; x_wconf 84' lang='lat' dir='ltr'><strong>Felix,</strong></span> <span class='ocrx_word' id='word_1_31' title='bbox 1580 510 1683 573; x_wconf 88' lang='lat' dir='ltr'><strong>pari</strong></span> <span class='ocrx_word' id='word_1_32' title='bbox 1717 509 1934 558; x_wconf 85' lang='lat' dir='ltr'><strong>modera-</strong></span> 
     </span>
     <span class='ocr_line' id='line_1_6' title="bbox 260 575 1934 641; baseline 0.002 -17"><span class='ocrx_word' id='word_1_33' title='bbox 260 577 396 625; x_wconf 88' lang='lat' dir='ltr'><strong>tione</strong></span> <span class='ocrx_word' id='word_1_34' title='bbox 424 575 630 639; x_wconf 87' lang='lat' dir='ltr'><strong>agebat,</strong></span> <span class='ocrx_word' id='word_1_35' title='bbox 668 576 759 624; x_wconf 87' lang='lat' dir='ltr'><strong>iam</strong></span> <span class='ocrx_word' id='word_1_36' title='bbox 797 575 981 640; x_wconf 85' lang='lat' dir='ltr'><strong>pridem</strong></span> <span class='ocrx_word' id='word_1_37' title='bbox 1014 575 1220 625; x_wconf 87' lang='lat' dir='ltr'><strong>Iudaeae</strong></span> <span class='ocrx_word' id='word_1_38' title='bbox 1254 578 1490 641; x_wconf 91' lang='lat' dir='ltr'><strong>inpositus</strong></span> <span class='ocrx_word' id='word_1_39' title='bbox 1517 585 1566 626; x_wconf 86' lang='lat' dir='ltr'><strong>et</strong></span> <span class='ocrx_word' id='word_1_40' title='bbox 1593 586 1765 627; x_wconf 85' lang='lat' dir='ltr'><strong>cuncta</strong></span> <span class='ocrx_word' id='word_1_41' title='bbox 1789 579 1934 627; x_wconf 89' lang='lat' dir='ltr'><strong>male·</strong></span> 
     </span>
     <span class='ocr_line' id='line_1_7' title="bbox 257 646 1933 713; baseline 0.001 -18"><span class='ocrx_word' id='word_1_42' title='bbox 257 646 390 695; x_wconf 85' lang='lat' dir='ltr'><strong>facta</strong></span> <span class='ocrx_word' id='word_1_43' title='bbox 439 646 531 694; x_wconf 87' lang='lat' dir='ltr'><strong>sibi</strong></span> <span class='ocrx_word' id='word_1_44' title='bbox 572 647 750 710; x_wconf 91' lang='lat' dir='ltr'><strong>inpune</strong></span> <span class='ocrx_word' id='word_1_45' title='bbox 790 653 920 694; x_wconf 87' lang='lat' dir='ltr'><strong>ratus</strong></span> <span class='ocrx_word' id='word_1_46' title='bbox 957 653 1084 694; x_wconf 90' lang='lat' dir='ltr'><strong>tanta</strong></span> <span class='ocrx_word' id='word_1_47' title='bbox 1117 648 1332 711; x_wconf 90' lang='lat' dir='ltr'><strong>potentia</strong></span> <span class='ocrx_word' id='word_1_48' title='bbox 1369 646 1618 697; x_wconf 65' lang='lat' dir='ltr'><strong>subnixo..</strong></span> <span class='ocrx_word' id='word_1_49' title='bbox 1649 662 1764 698; x_wconf 89' lang='lat' dir='ltr'><strong>sane</strong></span> <span class='ocrx_word' id='word_1_50' title='bbox 1796 662 1933 713; x_wconf 88' lang='lat' dir='ltr'><strong>prae·</strong></span> 
     </span>
     <span class='ocr_line' id='line_1_8' title="bbox 256 715 1933 782; baseline 0.002 -19"><span class='ocrx_word' id='word_1_51' title='bbox 256 715 463 764; x_wconf 88' lang='lat' dir='ltr'><strong>buerant</strong></span> <span class='ocrx_word' id='word_1_52' title='bbox 490 715 654 764; x_wconf 91' lang='lat' dir='ltr'><strong>Iudaei</strong></span> <span class='ocrx_word' id='word_1_53' title='bbox 690 716 905 780; x_wconf 89' lang='lat' dir='ltr'><strong>speciem</strong></span> <span class='ocrx_word' id='word_1_54' title='bbox 934 723 1089 764; x_wconf 87' lang='lat' dir='ltr'><strong>motus</strong></span> <span class='ocrx_word' id='word_1_55' title='bbox 1119 723 1225 765; x_wconf 89' lang='lat' dir='ltr'><strong>orta</strong></span> <span class='ocrx_word' id='word_1_56' title='bbox 1250 715 1517 778; x_wconf 88' lang='lat' dir='ltr'><strong>seditione,</strong></span> <span class='ocrx_word' id='word_1_57' title='bbox 1553 725 1802 782; x_wconf 87' lang='lat' dir='ltr'><strong>postquam</strong></span> <span class='ocrx_word' id='word_1_58' title='bbox 1831 719 1854 751; x_wconf 87' lang='grc'>*</span> <span class='ocrx_word' id='word_1_59' title='bbox 1872 719 1933 751; x_wconf 81' lang='grc'><strong>**</strong></span> 
     </span>
    </p>

    <p class='ocr_par' dir='ltr' id='par_1_4' title="bbox 213 784 1934 1131">
     <span class='ocr_line' id='line_1_9' title="bbox 213 784 1934 850; baseline 0.001 -16"><span class='ocrx_word' id='word_1_60' title='bbox 213 802 233 834; x_wconf 86' lang='lat'>5</span> <span class='ocrx_word' id='word_1_61' title='bbox 259 786 458 848; x_wconf 84' lang='lat' dir='ltr'><strong>cognita</strong></span> <span class='ocrx_word' id='word_1_62' title='bbox 485 784 636 833; x_wconf 89' lang='lat' dir='ltr'><strong>caede</strong></span> <span class='ocrx_word' id='word_1_63' title='bbox 665 785 767 833; x_wconf 88' lang='lat' dir='ltr'><strong>eius</strong></span> <span class='ocrx_word' id='word_1_64' title='bbox 795 784 919 833; x_wconf 89' lang='lat' dir='ltr'><strong>haud</strong></span> <span class='ocrx_word' id='word_1_65' title='bbox 945 784 1327 850; x_wconf 87' lang='lat' dir='ltr'><strong>obtemperatum</strong></span> <span class='ocrx_word' id='word_1_66' title='bbox 1352 793 1508 849; x_wconf 87' lang='lat' dir='ltr'><strong>esset,</strong></span> <span class='ocrx_word' id='word_1_67' title='bbox 1535 787 1756 837; x_wconf 89' lang='lat' dir='ltr'><strong>manebat</strong></span> <span class='ocrx_word' id='word_1_68' title='bbox 1780 794 1934 836; x_wconf 90' lang='lat' dir='ltr'><strong>metus</strong></span> 
     </span>
     <span class='ocr_line' id='line_1_10' title="bbox 253 854 1934 920; baseline 0.001 -16"><span class='ocrx_word' id='word_1_69' title='bbox 253 870 316 904; x_wconf 91' lang='lat' dir='ltr'><strong>ne</strong></span> <span class='ocrx_word' id='word_1_70' title='bbox 356 856 462 920; x_wconf 90' lang='lat' dir='ltr'><strong>quis</strong></span> <span class='ocrx_word' id='word_1_71' title='bbox 498 855 769 920; x_wconf 82' lang='lat' dir='ltr'><strong>principum</strong></span> <span class='ocrx_word' id='word_1_72' title='bbox 805 854 972 903; x_wconf 89' lang='lat' dir='ltr'><strong>eadem</strong></span> <span class='ocrx_word' id='word_1_73' title='bbox 1016 855 1328 919; x_wconf 89' lang='lat' dir='ltr'><strong>imperitaret.</strong></span> <span class='ocrx_word' id='word_1_74' title='bbox 1380 863 1522 920; x_wconf 87' lang='lat' dir='ltr'><strong>atque</strong></span> <span class='ocrx_word' id='word_1_75' title='bbox 1567 858 1756 906; x_wconf 89' lang='lat' dir='ltr'><strong>interim</strong></span> <span class='ocrx_word' id='word_1_76' title='bbox 1793 856 1934 906; x_wconf 83' lang='lat' dir='ltr'><strong>Felix</strong></span> 
     </span>
     <span class='ocr_line' id='line_1_11' title="bbox 253 923 1931 990; baseline 0.001 -17"><span class='ocrx_word' id='word_1_77' title='bbox 253 925 612 990; x_wconf 88' lang='lat' dir='ltr'><strong>intempestivis</strong></span> <span class='ocrx_word' id='word_1_78' title='bbox 636 923 861 973; x_wconf 87' lang='lat' dir='ltr'><strong>remediis</strong></span> <span class='ocrx_word' id='word_1_79' title='bbox 891 924 1067 973; x_wconf 89' lang='lat' dir='ltr'><strong>delicta</strong></span> <span class='ocrx_word' id='word_1_80' title='bbox 1093 924 1419 987; x_wconf 89' lang='lat' dir='ltr'><strong>accendebat,</strong></span> <span class='ocrx_word' id='word_1_81' title='bbox 1456 926 1644 976; x_wconf 91' lang='lat' dir='ltr'><strong>aemulo</strong></span> <span class='ocrx_word' id='word_1_82' title='bbox 1681 926 1741 975; x_wconf 88' lang='lat' dir='ltr'><strong>ad</strong></span> <span class='ocrx_word' id='word_1_83' title='bbox 1776 926 1931 975; x_wconf 90' lang='lat' dir='ltr'><strong>deter-</strong></span> 
     </span>
     <span class='ocr_line' id='line_1_12' title="bbox 252 993 1932 1060; baseline 0.001 -17"><span class='ocrx_word' id='word_1_84' title='bbox 252 996 374 1043; x_wconf 90' lang='lat' dir='ltr'><strong>rima</strong></span> <span class='ocrx_word' id='word_1_85' title='bbox 415 993 644 1044; x_wconf 89' lang='lat' dir='ltr'><strong>Ventidio</strong></span> <span class='ocrx_word' id='word_1_86' title='bbox 683 993 923 1057; x_wconf 90' lang='lat' dir='ltr'><strong>Cuman0,</strong></span> <span class='ocrx_word' id='word_1_87' title='bbox 963 994 1039 1042; x_wconf 89' lang='lat' dir='ltr'><strong>cui</strong></span> <span class='ocrx_word' id='word_1_88' title='bbox 1075 1009 1188 1059; x_wconf 91' lang='lat' dir='ltr'><strong>pars</strong></span> <span class='ocrx_word' id='word_1_89' title='bbox 1226 996 1505 1060; x_wconf 87' lang='lat' dir='ltr'><strong>provinciae</strong></span> <span class='ocrx_word' id='word_1_90' title='bbox 1541 995 1834 1059; x_wconf 86' lang='lat' dir='ltr'><strong>habebatur,</strong></span> <span class='ocrx_word' id='word_1_91' title='bbox 1869 997 1932 1045; x_wconf 88' lang='lat' dir='ltr'><strong>ita</strong></span> 
     </span>
     <span class='ocr_line' id='line_1_13' title="bbox 255 1063 1930 1131; baseline 0.001 -19"><span class='ocrx_word' id='word_1_92' title='bbox 255 1064 423 1112; x_wconf 88' lang='lat' dir='ltr'><strong>divisis</strong></span> <span class='ocrx_word' id='word_1_93' title='bbox 451 1071 501 1112; x_wconf 91' lang='lat' dir='ltr'><strong>ut</strong></span> <span class='ocrx_word' id='word_1_94' title='bbox 535 1063 648 1112; x_wconf 89' lang='lat' dir='ltr'><strong>huic</strong></span> <span class='ocrx_word' id='word_1_95' title='bbox 676 1064 1000 1114; x_wconf 87' lang='lat' dir='ltr'><strong>Galilaeorum</strong></span> <span class='ocrx_word' id='word_1_96' title='bbox 1028 1064 1184 1127; x_wconf 87' lang='lat' dir='ltr'><strong>natio,</strong></span> <span class='ocrx_word' id='word_1_97' title='bbox 1215 1064 1370 1114; x_wconf 86' lang='lat' dir='ltr'><strong>Felici</strong></span> <span class='ocrx_word' id='word_1_98' title='bbox 1395 1065 1656 1114; x_wconf 88' lang='lat' dir='ltr'><strong>Samaritae</strong></span> <span class='ocrx_word' id='word_1_99' title='bbox 1685 1073 1930 1131; x_wconf 86' lang='lat' dir='ltr'><strong>parerent,</strong></span> 
     </span>
    </p>

    <p class='ocr_par' dir='ltr' id='par_1_5' title="bbox 193 1133 1932 1826">
     <span class='ocr_line' id='line_1_14' title="bbox 197 1133 1932 1199; baseline 0.001 -17"><span class='ocrx_word' id='word_1_100' title='bbox 197 1148 235 1182; x_wconf 72' lang='grc' dir='ltr'><strong>ιο</strong></span> <span class='ocrx_word' id='word_1_101' title='bbox 256 1133 510 1183; x_wconf 90' lang='lat' dir='ltr'><strong>discordes</strong></span> <span class='ocrx_word' id='word_1_102' title='bbox 547 1133 660 1182; x_wconf 90' lang='lat' dir='ltr'><strong>olim</strong></span> <span class='ocrx_word' id='word_1_103' title='bbox 694 1140 742 1182; x_wconf 89' lang='lat' dir='ltr'><strong>et</strong></span> <span class='ocrx_word' id='word_1_104' title='bbox 772 1141 869 1181; x_wconf 92' lang='lat' dir='ltr'><strong>tum</strong></span> <span class='ocrx_word' id='word_1_105' title='bbox 895 1141 1172 1199; x_wconf 88' lang='lat' dir='ltr'><strong>contemptu</strong></span> <span class='ocrx_word' id='word_1_106' title='bbox 1208 1135 1478 1197; x_wconf 86' lang='lat' dir='ltr'><strong>regentium</strong></span> <span class='ocrx_word' id='word_1_107' title='bbox 1514 1137 1667 1184; x_wconf 88' lang='lat' dir='ltr'><strong>minus</strong></span> <span class='ocrx_word' id='word_1_108' title='bbox 1704 1137 1932 1185; x_wconf 87' lang='lat' dir='ltr'><strong>coercitis</strong></span> 
     </span>
     <span class='ocr_line' id='line_1_15' title="bbox 255 1203 1930 1269; baseline 0.001 -17"><span class='ocrx_word' id='word_1_109' title='bbox 255 1203 396 1252; x_wconf 89' lang='lat' dir='ltr'><strong>odiis.</strong></span> <span class='ocrx_word' id='word_1_110' title='bbox 447 1203 594 1266; x_wconf 88' lang='lat' dir='ltr'><strong>igitur</strong></span> <span class='ocrx_word' id='word_1_111' title='bbox 630 1210 826 1267; x_wconf 86' lang='lat' dir='ltr'><strong>raptare</strong></span> <span class='ocrx_word' id='word_1_112' title='bbox 866 1203 991 1252; x_wconf 91' lang='lat' dir='ltr'><strong>inter</strong></span> <span class='ocrx_word' id='word_1_113' title='bbox 1034 1219 1115 1265; x_wconf 87' lang='lat' dir='ltr'><strong>se,</strong></span> <span class='ocrx_word' id='word_1_114' title='bbox 1169 1206 1422 1253; x_wconf 90' lang='lat' dir='ltr'><strong>immittere</strong></span> <span class='ocrx_word' id='word_1_115' title='bbox 1460 1204 1698 1254; x_wconf 87' lang='lat' dir='ltr'><strong>latronum</strong></span> <span class='ocrx_word' id='word_1_116' title='bbox 1737 1204 1930 1269; x_wconf 84' lang='lat' dir='ltr'><strong>globos,</strong></span> 
     </span>
     <span class='ocr_line' id='line_1_16' title="bbox 254 1272 1931 1340; baseline 0.001 -18"><span class='ocrx_word' id='word_1_117' title='bbox 254 1287 557 1336; x_wconf 88' lang='lat' dir='ltr'><strong>componere</strong></span> <span class='ocrx_word' id='word_1_118' title='bbox 583 1272 783 1322; x_wconf 88' lang='lat' dir='ltr'><strong>insidias</strong></span> <span class='ocrx_word' id='word_1_119' title='bbox 809 1280 857 1322; x_wconf 86' lang='lat' dir='ltr'><strong>et</strong></span> <span class='ocrx_word' id='word_1_120' title='bbox 883 1273 1138 1338; x_wconf 88' lang='lat' dir='ltr'><strong>aliquando</strong></span> <span class='ocrx_word' id='word_1_121' title='bbox 1161 1274 1362 1339; x_wconf 88' lang='lat' dir='ltr'><strong>proeliis</strong></span> <span class='ocrx_word' id='word_1_122' title='bbox 1389 1274 1642 1338; x_wconf 82' lang='lat' dir='ltr'><strong>congredi,</strong></span> <span class='ocrx_word' id='word_1_123' title='bbox 1675 1275 1931 1340; x_wconf 85' lang='lat' dir='ltr'><strong>spoliaque</strong></span> 
     </span>
     <span class='ocr_line' id='line_1_17' title="bbox 253 1342 1929 1409; baseline 0.002 -19"><span class='ocrx_word' id='word_1_124' title='bbox 253 1350 301 1391; x_wconf 89' lang='lat' dir='ltr'><strong>et</strong></span> <span class='ocrx_word' id='word_1_125' title='bbox 348 1342 557 1408; x_wconf 88' lang='lat' dir='ltr'><strong>praedas</strong></span> <span class='ocrx_word' id='word_1_126' title='bbox 603 1342 662 1391; x_wconf 90' lang='lat' dir='ltr'><strong>ad</strong></span> <span class='ocrx_word' id='word_1_127' title='bbox 703 1350 1046 1408; x_wconf 87' lang='lat' dir='ltr'><strong>procuratores</strong></span> <span class='ocrx_word' id='word_1_128' title='bbox 1092 1344 1297 1392; x_wconf 88' lang='lat' dir='ltr'><strong>referre.</strong></span> <span class='ocrx_word' id='word_1_129' title='bbox 1358 1343 1503 1408; x_wconf 90' lang='lat' dir='ltr'><strong>hique</strong></span> <span class='ocrx_word' id='word_1_130' title='bbox 1544 1345 1696 1409; x_wconf 90' lang='lat' dir='ltr'><strong>primo</strong></span> <span class='ocrx_word' id='word_1_131' title='bbox 1741 1345 1929 1407; x_wconf 83' lang='lat' dir='ltr'><strong>laetari,</strong></span> 
     </span>
     <span class='ocr_line' id='line_1_18' title="bbox 250 1411 1930 1478; baseline 0.001 -18"><span class='ocrx_word' id='word_1_132' title='bbox 250 1426 365 1461; x_wconf 86' lang='lat' dir='ltr'><strong>mox</strong></span> <span class='ocrx_word' id='word_1_133' title='bbox 390 1411 634 1475; x_wconf 86' lang='lat' dir='ltr'><strong>gliscente</strong></span> <span class='ocrx_word' id='word_1_134' title='bbox 660 1413 878 1477; x_wconf 88' lang='lat' dir='ltr'><strong>pernicie</strong></span> <span class='ocrx_word' id='word_1_135' title='bbox 903 1427 1008 1461; x_wconf 91' lang='lat' dir='ltr'><strong>cum</strong></span> <span class='ocrx_word' id='word_1_136' title='bbox 1032 1427 1162 1462; x_wconf 89' lang='lat' dir='ltr'><strong>arma</strong></span> <span class='ocrx_word' id='word_1_137' title='bbox 1182 1414 1378 1464; x_wconf 89' lang='lat' dir='ltr'><strong>militum</strong></span> <span class='ocrx_word' id='word_1_138' title='bbox 1397 1415 1770 1478; x_wconf 87' lang='lat' dir='ltr'><strong>interiecissent,</strong></span> <span class='ocrx_word' id='word_1_139' title='bbox 1800 1415 1930 1463; x_wconf 87' lang='lat' dir='ltr'><strong>caesi</strong></span> 
     </span>
     <span class='ocr_line' id='line_1_19' title="bbox 193 1481 1930 1546; baseline 0 -14"><span class='ocrx_word' id='word_1_140' title='bbox 193 1481 451 1539; x_wconf 83' lang='lat' dir='ltr'><strong>15milites;</strong></span> <span class='ocrx_word' id='word_1_141' title='bbox 503 1483 799 1546; x_wconf 88' lang='lat' dir='ltr'><strong>arsissetque</strong></span> <span class='ocrx_word' id='word_1_142' title='bbox 847 1481 980 1531; x_wconf 85' lang='lat' dir='ltr'><strong>bello</strong></span> <span class='ocrx_word' id='word_1_143' title='bbox 1029 1483 1308 1546; x_wconf 88' lang='lat' dir='ltr'><strong>provincia,</strong></span> <span class='ocrx_word' id='word_1_144' title='bbox 1357 1484 1404 1531; x_wconf 90' lang='lat' dir='ltr'><strong>ni</strong></span> <span class='ocrx_word' id='word_1_145' title='bbox 1454 1483 1724 1545; x_wconf 87' lang='lat' dir='ltr'><strong>Quadratus</strong></span> <span class='ocrx_word' id='word_1_146' title='bbox 1761 1484 1930 1533; x_wconf 87' lang='lat' dir='ltr'><strong>Suriae</strong></span> 
     </span>
     <span class='ocr_line' id='line_1_20' title="bbox 250 1550 1930 1617; baseline 0 -16"><span class='ocrx_word' id='word_1_147' title='bbox 250 1558 415 1601; x_wconf 85' lang='lat' dir='ltr'><strong>rector</strong></span> <span class='ocrx_word' id='word_1_148' title='bbox 443 1550 766 1600; x_wconf 86' lang='lat' dir='ltr'><strong>subvenisset.</strong></span> <span class='ocrx_word' id='word_1_149' title='bbox 815 1566 908 1601; x_wconf 90' lang='lat' dir='ltr'><strong>nec</strong></span> <span class='ocrx_word' id='word_1_150' title='bbox 933 1551 1011 1600; x_wconf 92' lang='lat' dir='ltr'><strong>diu</strong></span> <span class='ocrx_word' id='word_1_151' title='bbox 1035 1551 1268 1600; x_wconf 89' lang='lat' dir='ltr'><strong>adversus</strong></span> <span class='ocrx_word' id='word_1_152' title='bbox 1293 1552 1526 1616; x_wconf 84' lang='lat' dir='ltr'><strong>ludaeos,</strong></span> <span class='ocrx_word' id='word_1_153' title='bbox 1562 1555 1642 1617; x_wconf 87' lang='lat' dir='ltr'><strong>qui</strong></span> <span class='ocrx_word' id='word_1_154' title='bbox 1680 1555 1725 1601; x_wconf 88' lang='lat' dir='ltr'><strong>in</strong></span> <span class='ocrx_word' id='word_1_155' title='bbox 1760 1568 1930 1602; x_wconf 90' lang='lat' dir='ltr'><strong>necem</strong></span> 
     </span>
     <span class='ocr_line' id='line_1_21' title="bbox 250 1620 1926 1687; baseline 0.001 -18"><span class='ocrx_word' id='word_1_156' title='bbox 250 1620 449 1669; x_wconf 90' lang='lat' dir='ltr'><strong>militum</strong></span> <span class='ocrx_word' id='word_1_157' title='bbox 488 1628 840 1686; x_wconf 87' lang='lat' dir='ltr'><strong>proruperant,</strong></span> <span class='ocrx_word' id='word_1_158' title='bbox 878 1620 1138 1670; x_wconf 88' lang='lat' dir='ltr'><strong>dubitatum</strong></span> <span class='ocrx_word' id='word_1_159' title='bbox 1174 1622 1286 1686; x_wconf 92' lang='lat' dir='ltr'><strong>quin</strong></span> <span class='ocrx_word' id='word_1_160' title='bbox 1314 1623 1472 1686; x_wconf 91' lang='lat' dir='ltr'><strong>capite</strong></span> <span class='ocrx_word' id='word_1_161' title='bbox 1497 1635 1681 1687; x_wconf 88' lang='lat' dir='ltr'><strong>poenas</strong></span> <span class='ocrx_word' id='word_1_162' title='bbox 1714 1622 1926 1672; x_wconf 88' lang='lat' dir='ltr'><strong>luerent:</strong></span> 
     </span>
     <span class='ocr_line' id='line_1_22' title="bbox 253 1689 1928 1758; baseline 0 -18"><span class='ocrx_word' id='word_1_163' title='bbox 253 1689 493 1758; x_wconf 88' lang='lat' dir='ltr'><strong>Cumanus</strong></span> <span class='ocrx_word' id='word_1_164' title='bbox 535 1698 582 1739; x_wconf 88' lang='lat' dir='ltr'><strong>et</strong></span> <span class='ocrx_word' id='word_1_165' title='bbox 619 1689 760 1738; x_wconf 87' lang='lat' dir='ltr'><strong>Felix</strong></span> <span class='ocrx_word' id='word_1_166' title='bbox 797 1691 1149 1740; x_wconf 90' lang='lat' dir='ltr'><strong>cunctationem</strong></span> <span class='ocrx_word' id='word_1_167' title='bbox 1194 1690 1502 1754; x_wconf 85' lang='lat' dir='ltr'><strong>adferebant,</strong></span> <span class='ocrx_word' id='word_1_168' title='bbox 1551 1693 1658 1755; x_wconf 89' lang='lat' dir='ltr'><strong>quia</strong></span> <span class='ocrx_word' id='word_1_169' title='bbox 1700 1690 1928 1741; x_wconf 90' lang='lat' dir='ltr'><strong>Claudius</strong></span> 
     </span>
     <span class='ocr_line' id='line_1_23' title="bbox 253 1759 1926 1826; baseline 0.001 -18"><span class='ocrx_word' id='word_1_170' title='bbox 253 1761 414 1809; x_wconf 88' lang='lat' dir='ltr'><strong>causis</strong></span> <span class='ocrx_word' id='word_1_171' title='bbox 451 1759 738 1808; x_wconf 90' lang='lat' dir='ltr'><strong>rebellionis</strong></span> <span class='ocrx_word' id='word_1_172' title='bbox 777 1759 947 1808; x_wconf 87' lang='lat' dir='ltr'><strong>auditis</strong></span> <span class='ocrx_word' id='word_1_173' title='bbox 984 1761 1057 1808; x_wconf 86' lang='lat' dir='ltr'><strong>ius</strong></span> <span class='ocrx_word' id='word_1_174' title='bbox 1094 1759 1328 1808; x_wconf 91' lang='lat' dir='ltr'><strong>statuendi</strong></span> <span class='ocrx_word' id='word_1_175' title='bbox 1367 1761 1508 1810; x_wconf 90' lang='lat' dir='ltr'><strong>etiam</strong></span> <span class='ocrx_word' id='word_1_176' title='bbox 1544 1760 1604 1809; x_wconf 88' lang='lat' dir='ltr'><strong>de</strong></span> <span class='ocrx_word' id='word_1_177' title='bbox 1643 1768 1926 1826; x_wconf 89' lang='lat' dir='ltr'><strong>procurato-</strong></span> 
     </span>
    </p>

    <p class='ocr_par' dir='ltr' id='par_1_6' title="bbox 188 1828 1925 2102">
     <span class='ocr_line' id='line_1_24' title="bbox 188 1828 1925 1890; baseline -0.001 -10"><span class='ocrx_word' id='word_1_178' title='bbox 188 1847 232 1880; x_wconf 85' lang='lat'><strong>20</strong></span> <span class='ocrx_word' id='word_1_179' title='bbox 250 1829 383 1878; x_wconf 90' lang='lat' dir='ltr'><strong>ribus</strong></span> <span class='ocrx_word' id='word_1_180' title='bbox 411 1828 626 1877; x_wconf 90' lang='lat' dir='ltr'><strong>dederat.</strong></span> <span class='ocrx_word' id='word_1_181' title='bbox 677 1828 763 1877; x_wconf 90' lang='lat' dir='ltr'><strong>sed</strong></span> <span class='ocrx_word' id='word_1_182' title='bbox 795 1829 1066 1890; x_wconf 88' lang='lat' dir='ltr'><strong>Quadratus</strong></span> <span class='ocrx_word' id='word_1_183' title='bbox 1090 1829 1306 1878; x_wconf 88' lang='lat' dir='ltr'><strong>Felicem</strong></span> <span class='ocrx_word' id='word_1_184' title='bbox 1342 1831 1465 1879; x_wconf 90' lang='lat' dir='ltr'><strong>inter</strong></span> <span class='ocrx_word' id='word_1_185' title='bbox 1498 1830 1682 1879; x_wconf 89' lang='lat' dir='ltr'><strong>iudices</strong></span> <span class='ocrx_word' id='word_1_186' title='bbox 1718 1838 1925 1880; x_wconf 87' lang='lat' dir='ltr'><strong>ostenta·</strong></span> 
     </span>
     <span class='ocr_line' id='line_1_25' title="bbox 248 1898 1924 1963; baseline 0.001 -16"><span class='ocrx_word' id='word_1_187' title='bbox 248 1900 334 1962; x_wconf 86' lang='lat' dir='ltr'><strong>vit,</strong></span> <span class='ocrx_word' id='word_1_188' title='bbox 362 1906 614 1962; x_wconf 88' lang='lat' dir='ltr'><strong>receptum</strong></span> <span class='ocrx_word' id='word_1_189' title='bbox 645 1899 692 1946; x_wconf 88' lang='lat' dir='ltr'><strong>in</strong></span> <span class='ocrx_word' id='word_1_190' title='bbox 716 1898 941 1961; x_wconf 90' lang='lat' dir='ltr'><strong>tribunal,</strong></span> <span class='ocrx_word' id='word_1_191' title='bbox 970 1913 1064 1963; x_wconf 92' lang='lat' dir='ltr'><strong>quo</strong></span> <span class='ocrx_word' id='word_1_192' title='bbox 1096 1899 1247 1948; x_wconf 91' lang='lat' dir='ltr'><strong>studia</strong></span> <span class='ocrx_word' id='word_1_193' title='bbox 1275 1901 1596 1948; x_wconf 88' lang='lat' dir='ltr'><strong>accusantium</strong></span> <span class='ocrx_word' id='word_1_194' title='bbox 1621 1900 1924 1949; x_wconf 89' lang='lat' dir='ltr'><strong>deterreren-</strong></span> 
     </span>
     <span class='ocr_line' id='line_1_26' title="bbox 249 1967 1923 2049; baseline 0.001 -33"><span class='ocrx_word' id='word_1_195' title='bbox 249 1976 349 2026; x_wconf 92' lang='lat' dir='ltr'><strong>tur;</strong></span> <span class='ocrx_word' id='word_1_196' title='bbox 381 1967 727 2049; x_wconf 78' lang='lat' dir='ltr'><strong>damnatusque</strong></span> <span class='ocrx_word' id='word_1_197' title='bbox 759 1968 1047 2031; x_wconf 85' lang='lat' dir='ltr'><strong>flagitiorum</strong></span> <span class='ocrx_word' id='word_1_198' title='bbox 1075 1983 1198 2033; x_wconf 89' lang='lat' dir='ltr'><strong>quae</strong></span> <span class='ocrx_word' id='word_1_199' title='bbox 1226 1969 1320 2018; x_wconf 94' lang='lat' dir='ltr'><strong>duo</strong></span> <span class='ocrx_word' id='word_1_200' title='bbox 1347 1968 1647 2034; x_wconf 89' lang='lat' dir='ltr'><strong>deliquerant</strong></span> <span class='ocrx_word' id='word_1_201' title='bbox 1670 1969 1923 2049; x_wconf 87' lang='lat' dir='ltr'><strong>Cumanus,</strong></span> 
     </span>
     <span class='ocr_line' id='line_1_27' title="bbox 249 2037 1005 2102; baseline 0 -16"><span class='ocrx_word' id='word_1_202' title='bbox 249 2045 296 2086; x_wconf 89' lang='lat' dir='ltr'><strong>et</strong></span> <span class='ocrx_word' id='word_1_203' title='bbox 325 2039 462 2102; x_wconf 90' lang='lat' dir='ltr'><strong>quies</strong></span> <span class='ocrx_word' id='word_1_204' title='bbox 490 2039 772 2102; x_wconf 87' lang='lat' dir='ltr'><strong>provinciae</strong></span> <span class='ocrx_word' id='word_1_205' title='bbox 801 2037 1005 2086; x_wconf 88' lang='lat' dir='ltr'><strong>reddita.</strong></span> 
     </span>
    </p>

    <p class='ocr_par' dir='ltr' id='par_1_7' title="bbox 249 2106 1924 2381">
     <span class='ocr_line' id='line_1_28' title="bbox 350 2106 1924 2173; baseline -0.001 -16"><span class='ocrx_word' id='word_1_206' title='bbox 350 2109 434 2157; x_wconf 88' lang='lat'><strong>55.</strong></span> <span class='ocrx_word' id='word_1_207' title='bbox 470 2107 576 2156; x_wconf 88' lang='lat' dir='ltr'><strong>Nec</strong></span> <span class='ocrx_word' id='word_1_208' title='bbox 611 2107 757 2156; x_wconf 90' lang='lat' dir='ltr'><strong>multo</strong></span> <span class='ocrx_word' id='word_1_209' title='bbox 799 2115 909 2171; x_wconf 92' lang='lat' dir='ltr'><strong>post</strong></span> <span class='ocrx_word' id='word_1_210' title='bbox 946 2110 1209 2170; x_wconf 82' lang='lat' dir='ltr'><strong>agrestium</strong></span> <span class='ocrx_word' id='word_1_211' title='bbox 1235 2106 1435 2157; x_wconf 91' lang='lat' dir='ltr'><strong>Cilicum</strong></span> <span class='ocrx_word' id='word_1_212' title='bbox 1471 2109 1713 2171; x_wconf 86' lang='lat' dir='ltr'><strong>nationes,</strong></span> <span class='ocrx_word' id='word_1_213' title='bbox 1753 2107 1924 2173; x_wconf 87' lang='lat' dir='ltr'><strong>quibus</strong></span> 
     </span>
     <span class='ocr_line' id='line_1_29' title="bbox 249 2176 1920 2242; baseline 0.001 -17"><span class='ocrx_word' id='word_1_214' title='bbox 249 2176 481 2226; x_wconf 89' lang='lat' dir='ltr'><strong>Clitarum</strong></span> <span class='ocrx_word' id='word_1_215' title='bbox 517 2184 919 2240; x_wconf 87' lang='lat' dir='ltr'><strong>cognomentum,</strong></span> <span class='ocrx_word' id='word_1_216' title='bbox 949 2192 1098 2242; x_wconf 90' lang='lat' dir='ltr'><strong>saepe</strong></span> <span class='ocrx_word' id='word_1_217' title='bbox 1128 2185 1175 2226; x_wconf 89' lang='lat' dir='ltr'><strong>et</strong></span> <span class='ocrx_word' id='word_1_218' title='bbox 1200 2177 1317 2226; x_wconf 93' lang='lat' dir='ltr'><strong>alias</strong></span> <span class='ocrx_word' id='word_1_219' title='bbox 1334 2185 1633 2240; x_wconf 82' lang='lat' dir='ltr'><strong>commotae,</strong></span> <span class='ocrx_word' id='word_1_220' title='bbox 1662 2186 1773 2227; x_wconf 90' lang='lat' dir='ltr'><strong>tunc</strong></span> <span class='ocrx_word' id='word_1_221' title='bbox 1802 2177 1920 2226; x_wconf 87' lang='lat' dir='ltr'><strong>Tro-</strong></span> 
     </span>
     <span class='ocr_line' id='line_1_30' title="bbox 249 2246 1920 2311; baseline 0.001 -17"><span class='ocrx_word' id='word_1_222' title='bbox 249 2246 439 2294; x_wconf 85' lang='lat' dir='ltr'><strong>xobore</strong></span> <span class='ocrx_word' id='word_1_223' title='bbox 482 2246 604 2295; x_wconf 92' lang='lat' dir='ltr'><strong>duce</strong></span> <span class='ocrx_word' id='word_1_224' title='bbox 640 2253 826 2295; x_wconf 89' lang='lat' dir='ltr'><strong>montes</strong></span> <span class='ocrx_word' id='word_1_225' title='bbox 864 2260 1068 2310; x_wconf 89' lang='lat' dir='ltr'><strong>asperos</strong></span> <span class='ocrx_word' id='word_1_226' title='bbox 1103 2249 1274 2295; x_wconf 85' lang='lat' dir='ltr'><strong>castris</strong></span> <span class='ocrx_word' id='word_1_227' title='bbox 1311 2262 1490 2311; x_wconf 86' lang='lat' dir='ltr'><strong>cepere</strong></span> <span class='ocrx_word' id='word_1_228' title='bbox 1525 2254 1668 2311; x_wconf 89' lang='lat' dir='ltr'><strong>atque</strong></span> <span class='ocrx_word' id='word_1_229' title='bbox 1705 2247 1814 2296; x_wconf 88' lang='lat' dir='ltr'><strong>inde</strong></span> <span class='ocrx_word' id='word_1_230' title='bbox 1840 2246 1920 2295; x_wconf 91' lang='lat' dir='ltr'><strong>de-</strong></span> 
     </span>
     <span class='ocr_line' id='line_1_31' title="bbox 249 2315 1922 2381; baseline 0.001 -18"><span class='ocrx_word' id='word_1_231' title='bbox 249 2330 391 2364; x_wconf 90' lang='lat' dir='ltr'><strong>cursu</strong></span> <span class='ocrx_word' id='word_1_232' title='bbox 436 2317 482 2362; x_wconf 92' lang='lat' dir='ltr'><strong>in</strong></span> <span class='ocrx_word' id='word_1_233' title='bbox 523 2315 663 2364; x_wconf 88' lang='lat' dir='ltr'><strong>litora</strong></span> <span class='ocrx_word' id='word_1_234' title='bbox 716 2322 794 2363; x_wconf 91' lang='lat' dir='ltr'><strong>aut</strong></span> <span class='ocrx_word' id='word_1_235' title='bbox 835 2315 981 2364; x_wconf 89' lang='lat' dir='ltr'><strong>urbes</strong></span> <span class='ocrx_word' id='word_1_236' title='bbox 1023 2317 1118 2365; x_wconf 89' lang='lat' dir='ltr'><strong>vim</strong></span> <span class='ocrx_word' id='word_1_237' title='bbox 1165 2316 1428 2364; x_wconf 90' lang='lat' dir='ltr'><strong>cultoribus</strong></span> <span class='ocrx_word' id='word_1_238' title='bbox 1475 2324 1522 2364; x_wconf 91' lang='lat' dir='ltr'><strong>et</strong></span> <span class='ocrx_word' id='word_1_239' title='bbox 1566 2316 1820 2381; x_wconf 87' lang='lat' dir='ltr'><strong>oppidanis</strong></span> <span class='ocrx_word' id='word_1_240' title='bbox 1863 2330 1922 2364; x_wconf 87' lang='lat' dir='ltr'><strong>ac</strong></span> 
     </span>
    </p>

    <p class='ocr_par' dir='ltr' id='par_1_8' title="bbox 208 2384 1961 2725">
     <span class='ocr_line' id='line_1_32' title="bbox 208 2384 1918 2449; baseline -0.002 -13"><span class='ocrx_word' id='word_1_241' title='bbox 208 2384 534 2449; x_wconf 81' lang='lat' dir='ltr'><strong>splerumque</strong></span> <span class='ocrx_word' id='word_1_242' title='bbox 568 2384 614 2431; x_wconf 92' lang='lat' dir='ltr'><strong>in</strong></span> <span class='ocrx_word' id='word_1_243' title='bbox 647 2391 947 2433; x_wconf 88' lang='lat' dir='ltr'><strong>mercatores</strong></span> <span class='ocrx_word' id='word_1_244' title='bbox 988 2393 1035 2433; x_wconf 87' lang='lat' dir='ltr'><strong>et</strong></span> <span class='ocrx_word' id='word_1_245' title='bbox 1080 2385 1401 2434; x_wconf 82' lang='lat' dir='ltr'><strong>navicularios</strong></span> <span class='ocrx_word' id='word_1_246' title='bbox 1437 2385 1690 2435; x_wconf 87' lang='lat' dir='ltr'><strong>audebant.</strong></span> <span class='ocrx_word' id='word_1_247' title='bbox 1751 2387 1918 2435; x_wconf 86' lang='lat' dir='ltr'><strong>obses-</strong></span> 
     </span>
     <span class='ocr_line' id='line_1_33' title="bbox 248 2453 1918 2517; baseline 0 -15"><span class='ocrx_word' id='word_1_248' title='bbox 248 2468 398 2517; x_wconf 88' lang='lat' dir='ltr'><strong>saque</strong></span> <span class='ocrx_word' id='word_1_249' title='bbox 438 2453 608 2502; x_wconf 88' lang='lat' dir='ltr'><strong>civitas</strong></span> <span class='ocrx_word' id='word_1_250' title='bbox 644 2453 1034 2514; x_wconf 84' lang='lat' dir='ltr'><strong>Anemuriensis,</strong></span> <span class='ocrx_word' id='word_1_251' title='bbox 1085 2461 1133 2503; x_wconf 87' lang='lat' dir='ltr'><strong>et</strong></span> <span class='ocrx_word' id='word_1_252' title='bbox 1171 2455 1301 2502; x_wconf 91' lang='lat' dir='ltr'><strong>missi</strong></span> <span class='ocrx_word' id='word_1_253' title='bbox 1343 2470 1369 2502; x_wconf 94' lang='lat' dir='ltr'><strong>e</strong></span> <span class='ocrx_word' id='word_1_254' title='bbox 1401 2456 1539 2504; x_wconf 86' lang='lat' dir='ltr'><strong>Suria</strong></span> <span class='ocrx_word' id='word_1_255' title='bbox 1573 2456 1620 2503; x_wconf 92' lang='lat' dir='ltr'><strong>in</strong></span> <span class='ocrx_word' id='word_1_256' title='bbox 1658 2454 1918 2504; x_wconf 89' lang='lat' dir='ltr'><strong>subsidium</strong></span> 
     </span>
     <span class='ocr_line' id='line_1_34' title="bbox 247 2521 1961 2589; baseline 0.002 -18"><span class='ocrx_word' id='word_1_257' title='bbox 247 2523 437 2586; x_wconf 89' lang='lat' dir='ltr'><strong>equites</strong></span> <span class='ocrx_word' id='word_1_258' title='bbox 474 2537 580 2571; x_wconf 91' lang='lat' dir='ltr'><strong>cum</strong></span> <span class='ocrx_word' id='word_1_259' title='bbox 617 2522 868 2587; x_wconf 86' lang='lat' dir='ltr'><strong>praefecto</strong></span> <span class='ocrx_word' id='word_1_260' title='bbox 908 2521 1071 2571; x_wconf 88' lang='lat' dir='ltr'><strong>Curtio</strong></span> <span class='ocrx_word' id='word_1_261' title='bbox 1111 2524 1297 2572; x_wconf 86' lang='lat' dir='ltr'><strong>Severo</strong></span> <span class='ocrx_word' id='word_1_262' title='bbox 1338 2524 1613 2588; x_wconf 90' lang='lat' dir='ltr'><strong>turbantur,</strong></span> <span class='ocrx_word' id='word_1_263' title='bbox 1652 2524 1779 2589; x_wconf 93' lang='lat' dir='ltr'><strong>quod</strong></span> <span class='ocrx_word' id='word_1_264' title='bbox 1815 2523 1918 2572; x_wconf 88' lang='lat' dir='ltr'><strong>duri</strong></span> <span class='ocrx_word' id='word_1_265' title='bbox 1948 2566 1961 2574; x_wconf 90' lang='lat'><strong>.</strong></span> 
     </span>
     <span class='ocr_line' id='line_1_35' title="bbox 248 2591 1914 2658; baseline 0.001 -18"><span class='ocrx_word' id='word_1_266' title='bbox 248 2593 427 2640; x_wconf 91' lang='lat' dir='ltr'><strong>circum</strong></span> <span class='ocrx_word' id='word_1_267' title='bbox 464 2591 561 2640; x_wconf 91' lang='lat' dir='ltr'><strong>loci</strong></span> <span class='ocrx_word' id='word_1_268' title='bbox 601 2591 938 2656; x_wconf 87' lang='lat' dir='ltr'><strong>peditibusque</strong></span> <span class='ocrx_word' id='word_1_269' title='bbox 973 2592 1030 2641; x_wconf 92' lang='lat' dir='ltr'><strong>ad</strong></span> <span class='ocrx_word' id='word_1_270' title='bbox 1069 2608 1274 2656; x_wconf 85' lang='lat' dir='ltr'><strong>pugnam</strong></span> <span class='ocrx_word' id='word_1_271' title='bbox 1311 2593 1472 2642; x_wconf 89' lang='lat' dir='ltr'><strong>idonei</strong></span> <span class='ocrx_word' id='word_1_272' title='bbox 1510 2601 1734 2657; x_wconf 86' lang='lat' dir='ltr'><strong>equestre</strong></span> <span class='ocrx_word' id='word_1_273' title='bbox 1774 2607 1914 2658; x_wconf 85' lang='lat' dir='ltr'><strong>proe-</strong></span> 
     </span>
     <span class='ocr_line' id='line_1_36' title="bbox 245 2660 1913 2725; baseline 0.001 -17"><span class='ocrx_word' id='word_1_274' title='bbox 245 2660 359 2708; x_wconf 89' lang='lat' dir='ltr'><strong>lium</strong></span> <span class='ocrx_word' id='word_1_275' title='bbox 379 2661 505 2710; x_wconf 88' lang='lat' dir='ltr'><strong>haud</strong></span> <span class='ocrx_word' id='word_1_276' title='bbox 534 2661 852 2725; x_wconf 90' lang='lat' dir='ltr'><strong>patiebantur.</strong></span> <span class='ocrx_word' id='word_1_277' title='bbox 905 2662 1015 2710; x_wconf 90' lang='lat' dir='ltr'><strong>dein</strong></span> <span class='ocrx_word' id='word_1_278' title='bbox 1047 2677 1136 2710; x_wconf 88' lang='lat' dir='ltr'><strong>rex</strong></span> <span class='ocrx_word' id='word_1_279' title='bbox 1161 2663 1263 2711; x_wconf 89' lang='lat' dir='ltr'><strong>eius</strong></span> <span class='ocrx_word' id='word_1_280' title='bbox 1299 2676 1413 2711; x_wconf 90' lang='lat' dir='ltr'><strong>orae</strong></span> <span class='ocrx_word' id='word_1_281' title='bbox 1440 2662 1708 2711; x_wconf 86' lang='lat' dir='ltr'><strong>Antiochus</strong></span> <span class='ocrx_word' id='word_1_282' title='bbox 1735 2662 1913 2711; x_wconf 89' lang='lat' dir='ltr'><strong>blandi-</strong></span> 
     </span>
    </p>

    <p class='ocr_par' dir='ltr' id='par_1_9' title="bbox 189 2729 1916 2934">
     <span class='ocr_line' id='line_1_37' title="bbox 189 2729 1916 2794; baseline -0.001 -13"><span class='ocrx_word' id='word_1_283' title='bbox 189 2731 418 2781; x_wconf 73' lang='lat' dir='ltr'><strong>lomentis</strong></span> <span class='ocrx_word' id='word_1_284' title='bbox 447 2730 699 2778; x_wconf 88' lang='lat' dir='ltr'><strong>adversum</strong></span> <span class='ocrx_word' id='word_1_285' title='bbox 726 2729 944 2794; x_wconf 90' lang='lat' dir='ltr'><strong>plebem,</strong></span> <span class='ocrx_word' id='word_1_286' title='bbox 974 2731 1142 2780; x_wconf 88' lang='lat' dir='ltr'><strong>fraude</strong></span> <span class='ocrx_word' id='word_1_287' title='bbox 1177 2732 1222 2779; x_wconf 92' lang='lat' dir='ltr'><strong>in</strong></span> <span class='ocrx_word' id='word_1_288' title='bbox 1256 2731 1425 2780; x_wconf 89' lang='lat' dir='ltr'><strong>ducem</strong></span> <span class='ocrx_word' id='word_1_289' title='bbox 1461 2747 1562 2780; x_wconf 92' lang='lat' dir='ltr'><strong>cum</strong></span> <span class='ocrx_word' id='word_1_290' title='bbox 1602 2731 1916 2781; x_wconf 90' lang='lat' dir='ltr'><strong>barbarorum</strong></span> 
     </span>
     <span class='ocr_line' id='line_1_38' title="bbox 247 2799 1913 2864; baseline 0.001 -18"><span class='ocrx_word' id='word_1_291' title='bbox 247 2801 416 2862; x_wconf 89' lang='lat' dir='ltr'><strong>copias</strong></span> <span class='ocrx_word' id='word_1_292' title='bbox 453 2799 795 2862; x_wconf 86' lang='lat' dir='ltr'><strong>dissociasset,</strong></span> <span class='ocrx_word' id='word_1_293' title='bbox 838 2799 1418 2864; x_wconf 84' lang='lat' dir='ltr'><strong>Troxobore-paucisque</strong></span> <span class='ocrx_word' id='word_1_294' title='bbox 1449 2800 1734 2864; x_wconf 88' lang='lat' dir='ltr'><strong>primoribus</strong></span> <span class='ocrx_word' id='word_1_295' title='bbox 1771 2802 1913 2848; x_wconf 88' lang='lat' dir='ltr'><strong>inter·</strong></span> 
     </span>
     <span class='ocr_line' id='line_1_39' title="bbox 243 2867 1203 2934; baseline 0.002 -20"><span class='ocrx_word' id='word_1_296' title='bbox 243 2867 387 2915; x_wconf 83' lang='lat' dir='ltr'><strong>fectis</strong></span> <span class='ocrx_word' id='word_1_297' title='bbox 416 2877 608 2918; x_wconf 87' lang='lat' dir='ltr'><strong>ceteros</strong></span> <span class='ocrx_word' id='word_1_298' title='bbox 637 2869 890 2918; x_wconf 87' lang='lat' dir='ltr'><strong>clementia</strong></span> <span class='ocrx_word' id='word_1_299' title='bbox 918 2871 1203 2934; x_wconf 89' lang='lat' dir='ltr'><strong>composuit.</strong></span> 
     </span>
    </p>
   </div>
  </div>
 </body>
</html>
