1950 3210
149 149 250 189 Lrv
622 145 1076 185 COMMENTARIUS
1112 147 1394 187 CRI'FICUS.

293 275 388 338 20,
420 284 448 326 2
473 279 643 326 offetur
673 272 682 342 Ι
715 285 741 326 5
767 277 1038 336 municium,
1065 290 1151 323 em.
1180 278 1316 338 Ryck
1347 274 1355 343 Ι
1388 285 1416 328 6
1437 280 1667 340 deditum,
1693 293 1775 329 em.
1801 282 1846 329 R

150 346 160 414 Ι
195 354 223 399 9
253 350 386 394 luere
422 348 486 393 A.-
532 349 708 406 lueret,
744 349 791 392 in
832 361 925 405 qua
961 348 1145 393 lectione
1180 353 1200 405 ,t
1240 360 1303 393 ex
1334 360 1429 407 seq.
1465 354 1581 396 truc.
1625 351 1847 397 adhaesa.

150 419 418 466 Emendatio
442 419 575 464 luere
605 419 698 462 iam
721 416 776 463 ob
802 428 902 462 eam
931 429 1120 462 causam
1145 420 1410 463 necessaria
1440 424 1526 476 est,
1561 420 1684 479 quod
1712 421 1844 466 Taci-

148 493 222 534 tus
262 490 308 533 in
354 489 434 534 tali.
476 489 722 536 sententiae
764 485 1125 548 conformatione
1169 487 1400 548 pluralem
1442 501 1681 535 numerum
1725 491 1850 536 verbu·

147 562 365 617 usurpat,
405 563 454 604 ui
483 566 536 617 1,
562 565 615 614 8;
647 564 807 619 6,46;
848 564 928 617 12,
959 564 1029 607 41.
1058 564 1141 612 453
1182 563 1262 617 14,
1295 565 1365 608 31.
1397 564 1479 613 53;
1514 565 1595 617 15,
1619 563 1672 614 7;
1708 565 1789 617 16,
1819 564 1845 608 7

148 634 190 674 et
211 629 456 686 permultis
491 630 595 674 alit's
629 629 753 676 locis.
817 628 942 673 Hinc
978 635 1031 677 15
1045 663 1060 686 ,
1097 634 1155 676 50
1176 628 1498 687 praeferenda
1525 633 1593 674 est
1614 630 1738 674 lectio
1765 643 1845 674 ex-

148 697 522 756 stimulaverant,
550 702 601 743 ut
629 701 675 743 in
702 698 759 743 M
780 713 860 757 pr.
891 693 978 755 m.,
1013 704 1060 743 ut
1095 697 1296 755 videtur,
1332 697 1711 745 exstimulaverat
1742 712 1846 744 cor·-

147 771 321 812 reclum
351 772 428 812 est.

287 831 383 894 21,
415 843 442 885 5
478 838 680 884 ferretur
722 832 731 902 Ι
775 843 803 887 6
836 851 994 896 parum
1022 842 1068 882 et
1094 837 1434 896 expectabilem
1469 834 1654 898 (parum
1687 841 1735 883 et
1769 837 1847 882 vix

147 906 453 965 spectabilem
484 905 569 967 Ri)
613 900 621 971 Ι
663 913 692 956 8
721 907 941 954 caestatis
968 906 1012 951 D
1023 926 1038 958 ‚·
1061 906 1259 953 vetustis
1285 906 1346 953 Β.
1376 906 1604 966 Seyffert,-
1633 907 1846 965 priorum

145 977 392 1020 tentamina
417 991 454 1021 v.
486 977 614 1034 apud
646 978 732 1022 Wr
773 971 779 1038 Ι
824 976 1004 1022 traiano
1038 969 1046 1040 Ι
1080 982 1132 1026 11
1161 977 1524 1022 decernerentur
1554 977 1612 1021 al.
1645 969 1655 1040 Ι
1697 981 1753 1024 12
1777 976 1845 1021 in-

146 1045 362 1090 terfuerit
393 1041 629 1105 (interfuit
653 1042 743 1106 al.)

287 1109 379 1171 22,
413 1121 442 1164 3
480 1115 668 1162 adesset
707 1109 715 1181 Ι
756 1120 781 1165 7
812 1115 1053 1161 introisset
1095 1109 1104 1179 Ι
1146 1121 1197 1163 11
1236 1129 1356 1160 nunc
1393 1117 1562 1161 tenebo
1597 1117 1847 1172 thraseam,

145 1195 229 1230 em.
257 1183 331 1228 Pu
363 1177 371 1248 Ι
407 1191 458 1233 15
487 1186 608 1244 quod
639 1185 734 1244 ibi,
764 1199 849 1231 em,
876 1185 920 1231 Β
967 1179 974 1247 Ι
1008 1190 1062 1234 16
1087 1198 1196 1231 cura
1221 1184 1259 1230 L
1289 1185 1394 1230 add.
1428 1178 1435 1245 Ι
1470 1190 1524 1234 19
1548 1185 1760 1243 legiones
1785 1196 1848 1230 ea:
1900 1228 1904 1229 ⁷

144 1253 444 1312 relegiones,
481 1260 530 1300 ut
557 1268 653 1300 voc.
682 1257 902 1314 scriptum
929 1260 995 1299 est
1021 1262 1072 1312 l,
1105 1260 1184 1306 39;
1225 1251 1278 1311 3,
1310 1255 1363 1303 ’71
1409 1248 1416 1318 Ι
1457 1259 1513 1302 25
1547 1248 1845 1313 euerterantl

144 1327 201 1372 26
229 1323 476 1369 admouisti
1074 1363 1078 1367 ,

286 1388 381 1451 23,
418 1400 439 1441 l
467 1392 682 1440 Ostorius
711 1393 773 1439 L.-
811 1394 959 1440 torius
1003 1387 1009 1457 Ι
1051 1397 1078 1446 6
1113 1394 1370 1451 seuehere,
1402 1406 1487 1438 em.
1521 1394 1680 1438 Bailer
1715 1398 1758 1438 et
1788 1393 1845 1439 P.

155 1462 381 1508 Victorius
413 1457 420 1527 Ι
451 1468 481 1512 8
506 1463 806 1522 accipiendae

286 1529 380 1590 24,
414 1538 443 1581 3
467 1532 666 1590 dimisit,
692 1545 774 1578 em.
799 1533 844 1578 Β
877 1528 885 1598 Ι
916 1538 945 1582 8
971 1546 1061 1591 quo
1089 1532 1228 1579 dubie
1254 1546 1343 1578 non
1371 1532 1526 1589 uenit,
1556 1545 1638 1579 em.
1663 1531 1710 1579 Β

286 1597 381 1659 25,
415 1607 443 1648 2
479 1616 534 1648 an
571 1616 670 1647 om.-
701 1595 710 1666 Ι
751 1607 780 1651 4
811 1603 1046 1649 disserunt
1083 1602 1179 1647 He.-
1217 1602 1435 1647 dixerunt
1478 1595 1488 1664 Ι
1531 1603 1686 1661 gloria
1719 1601 1847 1647 haud

148 1672 236 1716 ecio
266 1683 328 1715 an
352 1676 499 1728 recte,
525 1673 569 1716 si
588 1672 766 1717 scribas
793 1677 1045 1730 augeretur
1077 1666 1085 1734 Ι
1118 1675 1144 1721 7
1174 1672 1396 1717 humanos
1428 1665 1436 1735 Ι
1468 1676 1498 1720 8
1526 1672 1566 1718 si
1596 1672 1642 1717 in

286 1736 383 1798 26,
421 1746 449 1788 2
473 1741 774 1799 subtrahere,
802 1753 879 1786 em.
904 1742 977 1786 Pu
1009 1735 1016 1804 Ι
1049 1747 1075 1789 5
1103 1740 1331 1799 ingesturi
1363 1737 1460 1804 (pel
1482 1737 1752 1801 aggesturi)
1774 1740 1845 1786 H.-

146 1809 330 1867 augusti
369 1808 487 1871 (sint
523 1822 606 1855 nos
642 1807 951 1871 addidimus);
994 1810 1150 1855 ausuri
1189 1809 1281 1855 sint
1312 1810 1352 1854 A
1394 1803 1402 1873 Ι
1445 1814 1472 1859 6
1502 1823 1635 1869 quem
1661 1823 1846 1870 semper

146 1879 408 1924 ornavisset
433 1881 539 1924 mal.
571 1880 604 1924 L
636 1874 643 1944 Ι
675 1885 701 1930 7
735 1880 918 1926 infamia

287 1944 383 2006 27,
417 1954 446 1996 2
471 1949 689 1995 insedere
713 1949 810 2005 Pu,
844 1965 884 1995 v.
910 1949 974 1994 ad
997 1958 1049 2006 1,
1077 1955 1134 1998 30
1164 1943 1171 2013 Ι
1205 1954 1234 1997 8
1258 1953 1494 1994 uterentur
1520 1945 1636 2008 (pro
1663 1945 1841 1993 fiteren-

146 2016 244 2078 tur)
280 2012 286 2081 Ι
318 2022 346 2066 9
370 2012 596 2076 had,'em.
623 2019 688 2071 L,·
722 2020 843 2064 haud
870 2019 1079 2064 adveniri
1105 2020 1146 2064 A

287 2083 382 2146 28,
415 2095 442 2137 5
468 2090 738 2146 ragonium,
768 2101 851 2133 em.
880 2087 926 2133 R
946 2101 1007 2133 ex
1036 2100 1077 2135 e.
1098 2094 1155 2137 33
1186 2082 1193 2150 Ι
1227 2092 1284 2135 13
1309 2086 1610 2145 increpatium

286 2153 380 2215 29,
416 2165 440 2206 1
479 2163 525 2202 ut
556 2163 656 2205 erat
681 2158 743 2203 P.-
777 2162 929 2202 uteret
971 2151 978 2220 Ι
1021 2163 1047 2204 2
1075 2162 1120 2202 et
1146 2155 1395 2202 crebritate
1422 2155 1466 2200 Β
1509 2150 1516 2218 Ι
1557 2161 1584 2204 9
1610 2155 1844 2214 carminis,

149 2226 233 2270 sed
262 2226 367 2283 quia
398 2227 440 2271 A

286 2291 381 2353 30,
420 2302 444 2343 1
471 2295 643 2354 torius,
680 2308 765 2341 em.
791 2296 831 2341 L
874 2289 883 2358 Ι
925 2295 1266 2340 accusationem
1294 2293 1334 2338 A
1366 2287 1374 2356 Ι
1415 2300 1442 2341 5
1473 2299 1518 2338 et
1545 2309 1634 2356 quo
1660 2295 1757 2341 JG:
1798 2300 1840 2340 et

148 2368 258 2422 quot
284 2360 358 2424 (et
388 2365 511 2423 quod
536 2363 625 2426 al.)
1014 2379 1019 2383 ’

286 2428 381 2492 32,
417 2439 445 2481 2
480 2434 657 2493 plautio
701 2428 709 2497 Ι
751 2439 779 2483 6
804 2434 1062 2480 interiectis
1105 2427 1116 2497 Ι
1160 2440 1210 2481 11
1248 2433 1484 2479 exercitus
1517 2434 1587 2478 Fa
1623 2438 1667 2478 et
1701 2432 1760 2477 L.-
1797 2437 1842 2477 et

147 2503 344 2548 exerciti
377 2496 386 2568 Ι
419 2500 484 2551 33
502 2538 515 2562 ,
542 2510 569 2552 5
595 2500 830 2562 aequitate

287 2568 380 2631 34,
418 2581 435 2622 l
467 2588 493 2620 a
518 2575 749 2619 thraseam
781 2566 788 2637 Ι
822 2573 1050 2619 consulis:
1087 2571 1302 2619 Caesaris
1335 2570 1417 2630 Ri,
1443 2577 1491 2616 at
1511 2585 1550 2616 v.
1578 2564 1660 2633 ΝΙ
1692 2575 1722 2618 3
1746 2570 1839 2616 fre-

150 2646 343 2700 quenter
375 2637 383 2706 Ι
415 2640 592 2689 intentu
620 2637 629 2708 Ι
661 2649 688 2692 9
714 2656 825 2687 neu:
851 2657 939 2688 nec
966 2643 1016 2688 N

289 2707 381 2769 35,
418 2719 444 2760 5
472 2713 679 2759 brachiis
712 2708 719 2776 Ι
753 2719 808 2761 10
833 2713 1059 2758 obversus
1084 2712 1139 2758 A.
