<?xml version="1.0" encoding="UTF-8"?>
<!DOCTYPE html PUBLIC "-//W3C//DTD XHTML 1.0 Transitional//EN"
    "http://www.w3.org/TR/xhtml1/DTD/xhtml1-transitional.dtd">
<html xmlns="http://www.w3.org/1999/xhtml" xml:lang="en" lang="en">
 <head>
  <title>
</title>
<meta http-equiv="Content-Type" content="text/html;charset=utf-8" />
  <meta name='ocr-system' content='tesseract 3.04.00' />
  <meta name='ocr-capabilities' content='ocr_page ocr_carea ocr_par ocr_line ocrx_word'/>
</head>
<body>
  <div class='ocr_page' id='page_1' title='image "./libriquisupersun01taciuoft_0313.png"; bbox 0 0 1976 3224; ppageno 0'>
   <div class='ocr_carea' id='block_1_1' title="bbox 523 150 1691 200">
    <p class='ocr_par' dir='ltr' id='par_1_1' title="bbox 523 150 1691 200">
     <span class='ocr_line' id='line_1_1' title="bbox 523 150 1691 200; baseline 0.001 -2"><span class='ocrx_word' id='word_1_1' title='bbox 523 159 699 198; x_wconf 77' lang='lat' dir='ltr'><strong>LIBER</strong></span> <span class='ocrx_word' id='word_1_2' title='bbox 717 160 836 198; x_wconf 78' lang='lat' dir='ltr'>xiv.</span> <span class='ocrx_word' id='word_1_3' title='bbox 867 159 991 198; x_wconf 78' lang='lat' dir='ltr'>cAP.</span> <span class='ocrx_word' id='word_1_4' title='bbox 1014 158 1121 199; x_wconf 84' lang='lat'>2—</span> <span class='ocrx_word' id='word_1_5' title='bbox 1133 161 1175 200; x_wconf 79' lang='lat'>5.</span> <span class='ocrx_word' id='word_1_6' title='bbox 1588 150 1691 199; x_wconf 84' lang='lat'>255</span> 
     </span>
    </p>
   </div>
   <div class='ocr_carea' id='block_1_2' title="bbox 0 287 1750 2917">
    <p class='ocr_par' dir='ltr' id='par_1_2' title="bbox 0 287 1750 2917">
     <span class='ocr_line' id='line_1_2' title="bbox 22 287 1692 354; baseline -0.002 -15"><span class='ocrx_word' id='word_1_7' title='bbox 22 290 180 352; x_wconf 83' lang='lat' dir='ltr'>elicit,</span> <span class='ocrx_word' id='word_1_8' title='bbox 221 288 447 346; x_wconf 84' lang='lat' dir='ltr'>ferendas</span> <span class='ocrx_word' id='word_1_9' title='bbox 486 290 750 354; x_wconf 86' lang='lat' dir='ltr'>parentium</span> <span class='ocrx_word' id='word_1_10' title='bbox 787 288 1057 337; x_wconf 77' lang='lat' dir='ltr'><strong>iracundias</strong></span> <span class='ocrx_word' id='word_1_11' title='bbox 1094 295 1141 336; x_wconf 91' lang='lat' dir='ltr'>et</span> <span class='ocrx_word' id='word_1_12' title='bbox 1176 287 1462 353; x_wconf 89' lang='lat' dir='ltr'>placandum</span> <span class='ocrx_word' id='word_1_13' title='bbox 1489 289 1692 336; x_wconf 91' lang='lat' dir='ltr'>animum</span> 
     </span>
     <span class='ocr_line' id='line_1_3' title="bbox 0 357 1690 423; baseline -0.002 -14"><span class='ocrx_word' id='word_1_14' title='bbox 0 360 271 421; x_wconf 84' lang='lat' dir='ltr'>¹dictitans,</span> <span class='ocrx_word' id='word_1_15' title='bbox 312 373 408 423; x_wconf 90' lang='lat' dir='ltr'>quo</span> <span class='ocrx_word' id='word_1_16' title='bbox 445 373 683 408; x_wconf 90' lang='lat' dir='ltr'>rumorem</span> <span class='ocrx_word' id='word_1_17' title='bbox 714 357 1126 407; x_wconf 81' lang='lat' dir='ltr'>reconciliationis</span> <span class='ocrx_word' id='word_1_18' title='bbox 1164 358 1386 407; x_wconf 85' lang='lat' dir='ltr'>efficeret</span> <span class='ocrx_word' id='word_1_19' title='bbox 1421 359 1690 422; x_wconf 89' lang='lat' dir='ltr'>acciperet-</span> 
     </span>
     <span class='ocr_line' id='line_1_4' title="bbox 21 427 1731 494; baseline 0 -16"><span class='ocrx_word' id='word_1_20' title='bbox 21 445 115 494; x_wconf 84' lang='lat' dir='ltr'>que</span> <span class='ocrx_word' id='word_1_21' title='bbox 139 428 440 494; x_wconf 88' lang='lat' dir='ltr'>Agrippina,</span> <span class='ocrx_word' id='word_1_22' title='bbox 475 428 607 478; x_wconf 88' lang='lat' dir='ltr'>facili</span> <span class='ocrx_word' id='word_1_23' title='bbox 640 428 920 477; x_wconf 85' lang='lat' dir='ltr'>feminarum</span> <span class='ocrx_word' id='word_1_24' title='bbox 957 428 1240 476; x_wconf 83' lang='lat' dir='ltr'>credulitate</span> <span class='ocrx_word' id='word_1_25' title='bbox 1271 428 1330 477; x_wconf 87' lang='lat' dir='ltr'>ad</span> <span class='ocrx_word' id='word_1_26' title='bbox 1363 427 1553 491; x_wconf 90' lang='lat' dir='ltr'>gaudia.</span> <span class='ocrx_word' id='word_1_27' title='bbox 1605 443 1687 477; x_wconf 83' lang='lat' dir='ltr'>ve·</span> <span class='ocrx_word' id='word_1_28' title='bbox 1711 446 1731 478; x_wconf 86' lang='lat'>5</span> 
     </span>
     <span class='ocr_line' id='line_1_5' title="bbox 21 497 1689 563; baseline -0.001 -16"><span class='ocrx_word' id='word_1_29' title='bbox 21 501 228 548; x_wconf 90' lang='lat' dir='ltr'>nientem</span> <span class='ocrx_word' id='word_1_30' title='bbox 268 499 443 547; x_wconf 89' lang='lat' dir='ltr'>dehinc</span> <span class='ocrx_word' id='word_1_31' title='bbox 470 497 642 547; x_wconf 87' lang='lat' dir='ltr'>obvius</span> <span class='ocrx_word' id='word_1_32' title='bbox 678 498 725 545; x_wconf 90' lang='lat' dir='ltr'>in</span> <span class='ocrx_word' id='word_1_33' title='bbox 762 497 902 546; x_wconf 92' lang='lat' dir='ltr'>litora</span> <span class='ocrx_word' id='word_1_34' title='bbox 931 499 1062 563; x_wconf 89' lang='lat' dir='ltr'>(nam</span> <span class='ocrx_word' id='word_1_35' title='bbox 1088 497 1234 546; x_wconf 93' lang='lat' dir='ltr'>Antio</span> <span class='ocrx_word' id='word_1_36' title='bbox 1261 497 1576 562; x_wconf 84' lang='lat' dir='ltr'>adventabat)</span> <span class='ocrx_word' id='word_1_37' title='bbox 1607 513 1689 546; x_wconf 87' lang='lat' dir='ltr'>ex-</span> 
     </span>
     <span class='ocr_line' id='line_1_6' title="bbox 22 567 1691 633; baseline -0.002 -15"><span class='ocrx_word' id='word_1_38' title='bbox 22 571 153 633; x_wconf 83' lang='lat' dir='ltr'>cepit</span> <span class='ocrx_word' id='word_1_39' title='bbox 191 583 329 616; x_wconf 89' lang='lat' dir='ltr'>manu</span> <span class='ocrx_word' id='word_1_40' title='bbox 369 576 418 617; x_wconf 92' lang='lat' dir='ltr'>et</span> <span class='ocrx_word' id='word_1_41' title='bbox 454 567 711 632; x_wconf 88' lang='lat' dir='ltr'>complexu</span> <span class='ocrx_word' id='word_1_42' title='bbox 744 567 970 631; x_wconf 85' lang='lat' dir='ltr'>ducitque</span> <span class='ocrx_word' id='word_1_43' title='bbox 1007 567 1202 616; x_wconf 88' lang='lat' dir='ltr'>Baulos.</span> <span class='ocrx_word' id='word_1_44' title='bbox 1251 568 1298 616; x_wconf 93' lang='lat' dir='ltr'>id</span> <span class='ocrx_word' id='word_1_45' title='bbox 1335 568 1482 616; x_wconf 88' lang='lat' dir='ltr'>villae</span> <span class='ocrx_word' id='word_1_46' title='bbox 1515 582 1691 616; x_wconf 91' lang='lat' dir='ltr'>nomen</span> 
     </span>
     <span class='ocr_line' id='line_1_7' title="bbox 21 637 1690 703; baseline 0 -17"><span class='ocrx_word' id='word_1_47' title='bbox 21 646 96 687; x_wconf 90' lang='lat' dir='ltr'>est</span> <span class='ocrx_word' id='word_1_48' title='bbox 121 653 246 703; x_wconf 90' lang='lat' dir='ltr'>quae</span> <span class='ocrx_word' id='word_1_49' title='bbox 269 639 644 702; x_wconf 88' lang='lat' dir='ltr'>promunturium</span> <span class='ocrx_word' id='word_1_50' title='bbox 667 637 900 686; x_wconf 85' lang='lat' dir='ltr'>Misenum</span> <span class='ocrx_word' id='word_1_51' title='bbox 924 639 1050 686; x_wconf 89' lang='lat' dir='ltr'>inter</span> <span class='ocrx_word' id='word_1_52' title='bbox 1073 645 1121 686; x_wconf 91' lang='lat' dir='ltr'>et</span> <span class='ocrx_word' id='word_1_53' title='bbox 1138 637 1364 687; x_wconf 88' lang='lat' dir='ltr'>Baianum</span> <span class='ocrx_word' id='word_1_54' title='bbox 1385 638 1540 686; x_wconf 90' lang='lat' dir='ltr'>lacum</span> <span class='ocrx_word' id='word_1_55' title='bbox 1559 637 1690 686; x_wconf 88' lang='lat' dir='ltr'>flexo</span> 
     </span>
     <span class='ocr_line' id='line_1_8' title="bbox 18 706 1692 771; baseline -0.002 -14"><span class='ocrx_word' id='word_1_56' title='bbox 18 710 136 757; x_wconf 91' lang='lat' dir='ltr'>mari</span> <span class='ocrx_word' id='word_1_57' title='bbox 165 707 382 758; x_wconf 91' lang='lat' dir='ltr'>adluitur.</span> <span class='ocrx_word' id='word_1_58' title='bbox 439 708 596 757; x_wconf 90' lang='lat' dir='ltr'>stabat</span> <span class='ocrx_word' id='word_1_59' title='bbox 630 710 754 756; x_wconf 89' lang='lat' dir='ltr'>inter</span> <span class='ocrx_word' id='word_1_60' title='bbox 779 708 899 756; x_wconf 89' lang='lat' dir='ltr'>alias</span> <span class='ocrx_word' id='word_1_61' title='bbox 935 710 1071 757; x_wconf 88' lang='lat' dir='ltr'>navis</span> <span class='ocrx_word' id='word_1_62' title='bbox 1099 708 1337 769; x_wconf 85' lang='lat' dir='ltr'>ornatior,</span> <span class='ocrx_word' id='word_1_63' title='bbox 1381 715 1619 771; x_wconf 88' lang='lat' dir='ltr'>tamquam</span> <span class='ocrx_word' id='word_1_64' title='bbox 1644 706 1692 754; x_wconf 92' lang='lat' dir='ltr'>id</span> 
     </span>
     <span class='ocr_line' id='line_1_9' title="bbox 18 774 1748 844; baseline -0.002 -17"><span class='ocrx_word' id='word_1_65' title='bbox 18 787 212 844; x_wconf 86' lang='lat' dir='ltr'>quoque</span> <span class='ocrx_word' id='word_1_66' title='bbox 248 777 418 827; x_wconf 88' lang='lat' dir='ltr'>honori</span> <span class='ocrx_word' id='word_1_67' title='bbox 457 779 620 826; x_wconf 89' lang='lat' dir='ltr'>matris</span> <span class='ocrx_word' id='word_1_68' title='bbox 657 777 873 826; x_wconf 86' lang='lat' dir='ltr'>daretur:</span> <span class='ocrx_word' id='word_1_69' title='bbox 922 774 1102 843; x_wconf 86' lang='lat' dir='ltr'>quippe</span> <span class='ocrx_word' id='word_1_70' title='bbox 1147 785 1373 826; x_wconf 89' lang='lat' dir='ltr'>sueverat</span> <span class='ocrx_word' id='word_1_71' title='bbox 1418 777 1600 825; x_wconf 83' lang='lat' dir='ltr'>triremi</span> <span class='ocrx_word' id='word_1_72' title='bbox 1640 783 1687 825; x_wconf 91' lang='lat' dir='ltr'>et</span> <span class='ocrx_word' id='word_1_73' title='bbox 1707 791 1748 824; x_wconf 87' lang='lat'>10</span> 
     </span>
     <span class='ocr_line' id='line_1_10' title="bbox 18 846 1688 910; baseline -0.002 -13"><span class='ocrx_word' id='word_1_74' title='bbox 18 848 374 898; x_wconf 84' lang='lat' dir='ltr'>classiariorum</span> <span class='ocrx_word' id='word_1_75' title='bbox 400 848 606 910; x_wconf 85' lang='lat' dir='ltr'>remigio</span> <span class='ocrx_word' id='word_1_76' title='bbox 633 846 761 895; x_wconf 88' lang='lat' dir='ltr'>vehi.</span> <span class='ocrx_word' id='word_1_77' title='bbox 814 862 870 895; x_wconf 92' lang='lat' dir='ltr'>ac</span> <span class='ocrx_word' id='word_1_78' title='bbox 903 854 999 895; x_wconf 88' lang='lat' dir='ltr'>tum</span> <span class='ocrx_word' id='word_1_79' title='bbox 1031 849 1229 896; x_wconf 88' lang='lat' dir='ltr'>invitata</span> <span class='ocrx_word' id='word_1_80' title='bbox 1262 846 1322 896; x_wconf 90' lang='lat' dir='ltr'>ad</span> <span class='ocrx_word' id='word_1_81' title='bbox 1361 847 1531 910; x_wconf 90' lang='lat' dir='ltr'>epulas</span> <span class='ocrx_word' id='word_1_82' title='bbox 1569 854 1688 909; x_wconf 89' lang='lat' dir='ltr'>erat,</span> 
     </span>
     <span class='ocr_line' id='line_1_11' title="bbox 15 915 1689 967; baseline -0.002 0"><span class='ocrx_word' id='word_1_83' title='bbox 15 925 67 967; x_wconf 91' lang='lat' dir='ltr'>ut</span> <span class='ocrx_word' id='word_1_84' title='bbox 100 917 390 967; x_wconf 90' lang='lat' dir='ltr'>occultando</span> <span class='ocrx_word' id='word_1_85' title='bbox 426 918 629 966; x_wconf 80' lang='lat' dir='ltr'>facinori</span> <span class='ocrx_word' id='word_1_86' title='bbox 664 930 763 964; x_wconf 84' lang='lat' dir='ltr'>nox</span> <span class='ocrx_word' id='word_1_87' title='bbox 797 915 1123 966; x_wconf 90' lang='lat' dir='ltr'>adhiberetur.</span> <span class='ocrx_word' id='word_1_88' title='bbox 1177 919 1294 965; x_wconf 88' lang='lat' dir='ltr'>satis</span> <span class='ocrx_word' id='word_1_89' title='bbox 1329 918 1541 965; x_wconf 87' lang='lat' dir='ltr'>constitit</span> <span class='ocrx_word' id='word_1_90' title='bbox 1571 917 1689 965; x_wconf 88' lang='lat' dir='ltr'>exti-</span> 
     </span>
     <span class='ocr_line' id='line_1_12' title="bbox 14 986 1691 1052; baseline -0.002 -15"><span class='ocrx_word' id='word_1_91' title='bbox 14 990 134 1037; x_wconf 88' lang='lat' dir='ltr'>tisse</span> <span class='ocrx_word' id='word_1_92' title='bbox 161 986 486 1052; x_wconf 81' lang='lat' dir='ltr'>proditorem,</span> <span class='ocrx_word' id='word_1_93' title='bbox 515 995 563 1035; x_wconf 87' lang='lat' dir='ltr'>et</span> <span class='ocrx_word' id='word_1_94' title='bbox 586 986 903 1050; x_wconf 87' lang='lat' dir='ltr'>Agrippinam</span> <span class='ocrx_word' id='word_1_95' title='bbox 933 987 1106 1036; x_wconf 88' lang='lat' dir='ltr'>auditis</span> <span class='ocrx_word' id='word_1_96' title='bbox 1130 987 1337 1050; x_wconf 85' lang='lat' dir='ltr'>insidiis,</span> <span class='ocrx_word' id='word_1_97' title='bbox 1380 1001 1440 1035; x_wconf 92' lang='lat' dir='ltr'>an</span> <span class='ocrx_word' id='word_1_98' title='bbox 1466 986 1691 1035; x_wconf 89' lang='lat' dir='ltr'>crederet</span> 
     </span>
     <span class='ocr_line' id='line_1_13' title="bbox 17 1055 1689 1121; baseline -0.003 -14"><span class='ocrx_word' id='word_1_99' title='bbox 17 1057 315 1121; x_wconf 80' lang='lat' dir='ltr'>ambiguam,</span> <span class='ocrx_word' id='word_1_100' title='bbox 354 1058 621 1121; x_wconf 87' lang='lat' dir='ltr'>gestamine</span> <span class='ocrx_word' id='word_1_101' title='bbox 653 1056 805 1105; x_wconf 88' lang='lat' dir='ltr'>sellae</span> <span class='ocrx_word' id='word_1_102' title='bbox 840 1056 1019 1105; x_wconf 90' lang='lat' dir='ltr'>Baulos</span> <span class='ocrx_word' id='word_1_103' title='bbox 1055 1064 1353 1121; x_wconf 88' lang='lat' dir='ltr'>pervectam.</span> <span class='ocrx_word' id='word_1_104' title='bbox 1416 1055 1482 1104; x_wconf 90' lang='lat' dir='ltr'>ibi</span> <span class='ocrx_word' id='word_1_105' title='bbox 1507 1055 1689 1105; x_wconf 91' lang='lat' dir='ltr'>blandi-</span> 
     </span>
     <span class='ocr_line' id='line_1_14' title="bbox 16 1126 1747 1191; baseline -0.002 -15"><span class='ocrx_word' id='word_1_106' title='bbox 16 1135 224 1176; x_wconf 86' lang='lat' dir='ltr'>mentum</span> <span class='ocrx_word' id='word_1_107' title='bbox 262 1126 535 1175; x_wconf 89' lang='lat' dir='ltr'>sublevavit</span> <span class='ocrx_word' id='word_1_108' title='bbox 567 1134 765 1176; x_wconf 89' lang='lat' dir='ltr'>metum:</span> <span class='ocrx_word' id='word_1_109' title='bbox 795 1128 995 1176; x_wconf 91' lang='lat' dir='ltr'>comiter</span> <span class='ocrx_word' id='word_1_110' title='bbox 1024 1134 1234 1191; x_wconf 89' lang='lat' dir='ltr'>excepta</span> <span class='ocrx_word' id='word_1_111' title='bbox 1260 1141 1505 1191; x_wconf 89' lang='lat' dir='ltr'>superque</span> <span class='ocrx_word' id='word_1_112' title='bbox 1533 1127 1689 1190; x_wconf 91' lang='lat' dir='ltr'>ipsum</span> <span class='ocrx_word' id='word_1_113' title='bbox 1710 1141 1747 1173; x_wconf 83' lang='lat'>15</span> 
     </span>
     <span class='ocr_line' id='line_1_15' title="bbox 18 1195 1688 1260; baseline -0.002 -12"><span class='ocrx_word' id='word_1_114' title='bbox 18 1197 274 1248; x_wconf 88' lang='lat' dir='ltr'>collocata.</span> <span class='ocrx_word' id='word_1_115' title='bbox 324 1198 417 1245; x_wconf 91' lang='lat' dir='ltr'>iam</span> <span class='ocrx_word' id='word_1_116' title='bbox 446 1195 662 1260; x_wconf 91' lang='lat' dir='ltr'>pluribus</span> <span class='ocrx_word' id='word_1_117' title='bbox 689 1196 1006 1260; x_wconf 77' lang='lat' dir='ltr'>sermonibuS,</span> <span class='ocrx_word' id='word_1_118' title='bbox 1033 1195 1176 1245; x_wconf 91' lang='lat' dir='ltr'>modo</span> <span class='ocrx_word' id='word_1_119' title='bbox 1206 1196 1528 1245; x_wconf 86' lang='lat' dir='ltr'>familiaritate</span> <span class='ocrx_word' id='word_1_120' title='bbox 1556 1197 1688 1244; x_wconf 90' lang='lat' dir='ltr'>iuve-</span> 
     </span>
     <span class='ocr_line' id='line_1_16' title="bbox 17 1265 1688 1330; baseline -0.002 -15"><span class='ocrx_word' id='word_1_121' title='bbox 17 1268 99 1316; x_wconf 89' lang='lat' dir='ltr'>nili</span> <span class='ocrx_word' id='word_1_122' title='bbox 124 1266 257 1316; x_wconf 89' lang='lat' dir='ltr'>Nero</span> <span class='ocrx_word' id='word_1_123' title='bbox 282 1274 330 1314; x_wconf 89' lang='lat' dir='ltr'>ct</span> <span class='ocrx_word' id='word_1_124' title='bbox 355 1281 520 1315; x_wconf 90' lang='lat' dir='ltr'>rursus</span> <span class='ocrx_word' id='word_1_125' title='bbox 545 1265 800 1329; x_wconf 80' lang='lat' dir='ltr'>adductuS,</span> <span class='ocrx_word' id='word_1_126' title='bbox 830 1268 964 1330; x_wconf 88' lang='lat' dir='ltr'>quasi</span> <span class='ocrx_word' id='word_1_127' title='bbox 1001 1268 1127 1314; x_wconf 90' lang='lat' dir='ltr'>seria</span> <span class='ocrx_word' id='word_1_128' title='bbox 1164 1267 1497 1327; x_wconf 84' lang='lat' dir='ltr'>consociaret,</span> <span class='ocrx_word' id='word_1_129' title='bbox 1533 1271 1688 1315; x_wconf 91' lang='lat' dir='ltr'>tracto</span> 
     </span>
     <span class='ocr_line' id='line_1_17' title="bbox 16 1335 1691 1400; baseline 0 -16"><span class='ocrx_word' id='word_1_130' title='bbox 16 1339 63 1385; x_wconf 91' lang='lat' dir='ltr'>in</span> <span class='ocrx_word' id='word_1_131' title='bbox 95 1337 292 1399; x_wconf 88' lang='lat' dir='ltr'>longum</span> <span class='ocrx_word' id='word_1_132' title='bbox 334 1337 583 1399; x_wconf 89' lang='lat' dir='ltr'>convictu,</span> <span class='ocrx_word' id='word_1_133' title='bbox 621 1337 933 1400; x_wconf 87' lang='lat' dir='ltr'>prosequitur</span> <span class='ocrx_word' id='word_1_134' title='bbox 969 1337 1250 1399; x_wconf 85' lang='lat' dir='ltr'>abeuntem,</span> <span class='ocrx_word' id='word_1_135' title='bbox 1291 1337 1436 1386; x_wconf 90' lang='lat' dir='ltr'>artius</span> <span class='ocrx_word' id='word_1_136' title='bbox 1464 1335 1619 1385; x_wconf 89' lang='lat' dir='ltr'>oculis</span> <span class='ocrx_word' id='word_1_137' title='bbox 1643 1343 1691 1384; x_wconf 92' lang='lat' dir='ltr'>et</span> 
     </span>
     <span class='ocr_line' id='line_1_18' title="bbox 17 1404 1689 1472; baseline 0 -18"><span class='ocrx_word' id='word_1_138' title='bbox 17 1408 207 1472; x_wconf 88' lang='lat' dir='ltr'>pectori</span> <span class='ocrx_word' id='word_1_139' title='bbox 246 1407 475 1469; x_wconf 77' lang='lat' dir='ltr'>haerenS,</span> <span class='ocrx_word' id='word_1_140' title='bbox 522 1406 625 1454; x_wconf 90' lang='lat' dir='ltr'>sive</span> <span class='ocrx_word' id='word_1_141' title='bbox 663 1404 905 1471; x_wconf 87' lang='lat' dir='ltr'>explenda</span> <span class='ocrx_word' id='word_1_142' title='bbox 942 1406 1270 1470; x_wconf 82' lang='lat' dir='ltr'>simulatione,</span> <span class='ocrx_word' id='word_1_143' title='bbox 1323 1421 1410 1454; x_wconf 92' lang='lat' dir='ltr'>seu</span> <span class='ocrx_word' id='word_1_144' title='bbox 1444 1407 1689 1470; x_wconf 90' lang='lat' dir='ltr'>periturae</span> 
     </span>
     <span class='ocr_line' id='line_1_19' title="bbox 15 1474 1750 1541; baseline -0.002 -17"><span class='ocrx_word' id='word_1_145' title='bbox 15 1477 178 1525; x_wconf 88' lang='lat' dir='ltr'>matris</span> <span class='ocrx_word' id='word_1_146' title='bbox 216 1491 467 1541; x_wconf 86' lang='lat' dir='ltr'>supremus</span> <span class='ocrx_word' id='word_1_147' title='bbox 508 1483 736 1540; x_wconf 88' lang='lat' dir='ltr'>aspectus</span> <span class='ocrx_word' id='word_1_148' title='bbox 771 1476 985 1540; x_wconf 90' lang='lat' dir='ltr'>quamvis</span> <span class='ocrx_word' id='word_1_149' title='bbox 1024 1476 1176 1524; x_wconf 90' lang='lat' dir='ltr'>ferum</span> <span class='ocrx_word' id='word_1_150' title='bbox 1212 1477 1412 1525; x_wconf 90' lang='lat' dir='ltr'>animum</span> <span class='ocrx_word' id='word_1_151' title='bbox 1436 1474 1687 1524; x_wconf 83' lang='lat' dir='ltr'>retinebat.</span> <span class='ocrx_word' id='word_1_152' title='bbox 1707 1486 1750 1519; x_wconf 80' lang='lat'>20</span> 
     </span>
     <span class='ocr_line' id='line_1_20' title="bbox 119 1545 1691 1610; baseline -0.001 -15"><span class='ocrx_word' id='word_1_153' title='bbox 119 1548 167 1595; x_wconf 87' lang='lat'>5.</span> <span class='ocrx_word' id='word_1_154' title='bbox 210 1545 416 1595; x_wconf 88' lang='lat' dir='ltr'>Noctem</span> <span class='ocrx_word' id='word_1_155' title='bbox 454 1545 696 1594; x_wconf 87' lang='lat' dir='ltr'>sideribus</span> <span class='ocrx_word' id='word_1_156' title='bbox 731 1545 980 1594; x_wconf 91' lang='lat' dir='ltr'>inlustrem</span> <span class='ocrx_word' id='word_1_157' title='bbox 1018 1553 1065 1594; x_wconf 92' lang='lat' dir='ltr'>et</span> <span class='ocrx_word' id='word_1_158' title='bbox 1099 1546 1292 1610; x_wconf 92' lang='lat' dir='ltr'>placido</span> <span class='ocrx_word' id='word_1_159' title='bbox 1330 1546 1446 1595; x_wconf 87' lang='lat' dir='ltr'>mari</span> <span class='ocrx_word' id='word_1_160' title='bbox 1484 1547 1691 1610; x_wconf 89' lang='lat' dir='ltr'>quietam</span> 
     </span>
     <span class='ocr_line' id='line_1_21' title="bbox 18 1614 1693 1682; baseline -0.002 -17"><span class='ocrx_word' id='word_1_161' title='bbox 18 1617 151 1682; x_wconf 89' lang='lat' dir='ltr'>quasi</span> <span class='ocrx_word' id='word_1_162' title='bbox 180 1615 557 1664; x_wconf 89' lang='lat' dir='ltr'>convincendum</span> <span class='ocrx_word' id='word_1_163' title='bbox 586 1615 643 1663; x_wconf 90' lang='lat' dir='ltr'>ad</span> <span class='ocrx_word' id='word_1_164' title='bbox 673 1615 836 1663; x_wconf 89' lang='lat' dir='ltr'>scelus</span> <span class='ocrx_word' id='word_1_165' title='bbox 862 1615 905 1663; x_wconf 91' lang='lat' dir='ltr'>di</span> <span class='ocrx_word' id='word_1_166' title='bbox 927 1615 1214 1679; x_wconf 86' lang='lat' dir='ltr'>praebuere.</span> <span class='ocrx_word' id='word_1_167' title='bbox 1261 1631 1352 1664; x_wconf 90' lang='lat' dir='ltr'>nec</span> <span class='ocrx_word' id='word_1_168' title='bbox 1371 1614 1564 1663; x_wconf 90' lang='lat' dir='ltr'>multum</span> <span class='ocrx_word' id='word_1_169' title='bbox 1588 1622 1693 1663; x_wconf 92' lang='lat' dir='ltr'>erat</span> 
     </span>
     <span class='ocr_line' id='line_1_22' title="bbox 18 1684 1691 1752; baseline -0.001 -18"><span class='ocrx_word' id='word_1_170' title='bbox 18 1701 286 1752; x_wconf 87' lang='lat' dir='ltr'>progressa</span> <span class='ocrx_word' id='word_1_171' title='bbox 321 1687 488 1748; x_wconf 63' lang='lat' dir='ltr'>navis»,</span> <span class='ocrx_word' id='word_1_172' title='bbox 534 1684 722 1734; x_wconf 90' lang='lat' dir='ltr'>duobus</span> <span class='ocrx_word' id='word_1_173' title='bbox 756 1700 783 1733; x_wconf 91' lang='lat' dir='ltr'>e</span> <span class='ocrx_word' id='word_1_174' title='bbox 812 1699 1010 1734; x_wconf 91' lang='lat' dir='ltr'>numero</span> <span class='ocrx_word' id='word_1_175' title='bbox 1047 1686 1344 1734; x_wconf 87' lang='lat' dir='ltr'>familiarium</span> <span class='ocrx_word' id='word_1_176' title='bbox 1371 1685 1691 1749; x_wconf 86' lang='lat' dir='ltr'>Agrippinam</span> 
     </span>
     <span class='ocr_line' id='line_1_23' title="bbox 19 1753 1691 1820; baseline -0.002 -15"><span class='ocrx_word' id='word_1_177' title='bbox 19 1755 381 1815; x_wconf 84' lang='lat' dir='ltr'>comitantibus,</span> <span class='ocrx_word' id='word_1_178' title='bbox 424 1770 485 1802; x_wconf 87' lang='lat' dir='ltr'>ex</span> <span class='ocrx_word' id='word_1_179' title='bbox 510 1755 616 1819; x_wconf 91' lang='lat' dir='ltr'>quis</span> <span class='ocrx_word' id='word_1_180' title='bbox 642 1753 935 1818; x_wconf 86' lang='lat' dir='ltr'>Crepereius</span> <span class='ocrx_word' id='word_1_181' title='bbox 964 1754 1127 1804; x_wconf 87' lang='lat' dir='ltr'>Gallus</span> <span class='ocrx_word' id='word_1_182' title='bbox 1158 1755 1282 1804; x_wconf 91' lang='lat' dir='ltr'>haud</span> <span class='ocrx_word' id='word_1_183' title='bbox 1319 1755 1490 1820; x_wconf 90' lang='lat' dir='ltr'>procul</span> <span class='ocrx_word' id='word_1_184' title='bbox 1514 1754 1691 1818; x_wconf 89' lang='lat' dir='ltr'>guber-</span> 
     </span>
     <span class='ocr_line' id='line_1_24' title="bbox 16 1823 1730 1888; baseline -0.001 -14"><span class='ocrx_word' id='word_1_185' title='bbox 16 1824 202 1874; x_wconf 90' lang='lat' dir='ltr'>naculis</span> <span class='ocrx_word' id='word_1_186' title='bbox 242 1823 484 1886; x_wconf 81' lang='lat' dir='ltr'>adstabat,</span> <span class='ocrx_word' id='word_1_187' title='bbox 526 1824 790 1872; x_wconf 91' lang='lat' dir='ltr'>Acerronia</span> <span class='ocrx_word' id='word_1_188' title='bbox 833 1840 980 1888; x_wconf 89' lang='lat' dir='ltr'>super</span> <span class='ocrx_word' id='word_1_189' title='bbox 1019 1825 1173 1888; x_wconf 89' lang='lat' dir='ltr'>pedes</span> <span class='ocrx_word' id='word_1_190' title='bbox 1210 1825 1462 1874; x_wconf 88' lang='lat' dir='ltr'>cubitantis</span> <span class='ocrx_word' id='word_1_191' title='bbox 1491 1825 1730 1873; x_wconf 81' lang='lat' dir='ltr'>recliuiS5</span> 
     </span>
     <span class='ocr_line' id='line_1_25' title="bbox 20 1893 1689 1960; baseline -0.001 -17"><span class='ocrx_word' id='word_1_192' title='bbox 20 1894 358 1960; x_wconf 86' lang='lat' dir='ltr'>paenitentiam</span> <span class='ocrx_word' id='word_1_193' title='bbox 394 1893 476 1941; x_wconf 84' lang='lat' dir='ltr'>filii</span> <span class='ocrx_word' id='word_1_194' title='bbox 509 1901 556 1941; x_wconf 89' lang='lat' dir='ltr'>et</span> <span class='ocrx_word' id='word_1_195' title='bbox 590 1895 913 1958; x_wconf 86' lang='lat' dir='ltr'>reciperatam</span> <span class='ocrx_word' id='word_1_196' title='bbox 938 1897 1103 1942; x_wconf 88' lang='lat' dir='ltr'>matris</span> <span class='ocrx_word' id='word_1_197' title='bbox 1130 1896 1329 1957; x_wconf 86' lang='lat' dir='ltr'>gratiam</span> <span class='ocrx_word' id='word_1_198' title='bbox 1354 1910 1440 1959; x_wconf 88' lang='lat' dir='ltr'>per</span> <span class='ocrx_word' id='word_1_199' title='bbox 1465 1894 1689 1958; x_wconf 85' lang='lat' dir='ltr'>gaudium</span> 
     </span>
     <span class='ocr_line' id='line_1_26' title="bbox 17 1963 1689 2027; baseline -0.001 -15"><span class='ocrx_word' id='word_1_200' title='bbox 17 1963 330 2024; x_wconf 88' lang='lat' dir='ltr'>memorabat,</span> <span class='ocrx_word' id='word_1_201' title='bbox 361 1977 463 2010; x_wconf 88' lang='lat' dir='ltr'>cum</span> <span class='ocrx_word' id='word_1_202' title='bbox 491 1963 601 2011; x_wconf 90' lang='lat' dir='ltr'>dato</span> <span class='ocrx_word' id='word_1_203' title='bbox 629 1963 769 2025; x_wconf 90' lang='lat' dir='ltr'>signo</span> <span class='ocrx_word' id='word_1_204' title='bbox 797 1977 939 2011; x_wconf 90' lang='lat' dir='ltr'>ruere</span> <span class='ocrx_word' id='word_1_205' title='bbox 966 1971 1142 2011; x_wconf 89' lang='lat' dir='ltr'>tectum</span> <span class='ocrx_word' id='word_1_206' title='bbox 1170 1963 1267 2012; x_wconf 91' lang='lat' dir='ltr'>loci</span> <span class='ocrx_word' id='word_1_207' title='bbox 1309 1964 1455 2012; x_wconf 89' lang='lat' dir='ltr'>multo</span> <span class='ocrx_word' id='word_1_208' title='bbox 1495 1963 1689 2027; x_wconf 90' lang='lat' dir='ltr'>plumbo</span> 
     </span>
     <span class='ocr_line' id='line_1_27' title="bbox 18 2030 1689 2097; baseline -0.001 -16"><span class='ocrx_word' id='word_1_209' title='bbox 18 2048 195 2097; x_wconf 90' lang='lat' dir='ltr'>grave;</span> <span class='ocrx_word' id='word_1_210' title='bbox 249 2047 543 2097; x_wconf 87' lang='lat' dir='ltr'>pressusque</span> <span class='ocrx_word' id='word_1_211' title='bbox 591 2030 885 2095; x_wconf 85' lang='lat' dir='ltr'>Crepereius</span> <span class='ocrx_word' id='word_1_212' title='bbox 939 2039 987 2080; x_wconf 92' lang='lat' dir='ltr'>et</span> <span class='ocrx_word' id='word_1_213' title='bbox 1043 2035 1198 2081; x_wconf 85' lang='lat' dir='ltr'>statim</span> <span class='ocrx_word' id='word_1_214' title='bbox 1248 2035 1545 2082; x_wconf 89' lang='lat' dir='ltr'>exanimatus</span> <span class='ocrx_word' id='word_1_215' title='bbox 1599 2040 1689 2081; x_wconf 89' lang='lat' dir='ltr'>est.</span> 
     </span>
     <span class='ocr_line' id='line_1_28' title="bbox 18 2101 1689 2167; baseline 0 -17"><span class='ocrx_word' id='word_1_216' title='bbox 18 2103 289 2167; x_wconf 89' lang='lat' dir='ltr'>Agrippina</span> <span class='ocrx_word' id='word_1_217' title='bbox 319 2109 367 2150; x_wconf 91' lang='lat' dir='ltr'>et</span> <span class='ocrx_word' id='word_1_218' title='bbox 392 2102 661 2150; x_wconf 90' lang='lat' dir='ltr'>Acerronia</span> <span class='ocrx_word' id='word_1_219' title='bbox 688 2101 1004 2150; x_wconf 85' lang='lat' dir='ltr'>eminentibus</span> <span class='ocrx_word' id='word_1_220' title='bbox 1029 2102 1147 2151; x_wconf 91' lang='lat' dir='ltr'>lecti</span> <span class='ocrx_word' id='word_1_221' title='bbox 1174 2102 1439 2167; x_wconf 89' lang='lat' dir='ltr'>parietibus</span> <span class='ocrx_word' id='word_1_222' title='bbox 1475 2117 1533 2152; x_wconf 92' lang='lat' dir='ltr'>ac</span> <span class='ocrx_word' id='word_1_223' title='bbox 1564 2102 1689 2152; x_wconf 85' lang='lat' dir='ltr'>forte</span> 
     </span>
     <span class='ocr_line' id='line_1_29' title="bbox 16 2171 1749 2236; baseline 0.001 -17"><span class='ocrx_word' id='word_1_224' title='bbox 16 2172 346 2234; x_wconf 80' lang='lat' dir='ltr'>validioribus,</span> <span class='ocrx_word' id='word_1_225' title='bbox 377 2187 515 2235; x_wconf 90' lang='lat' dir='ltr'>quam</span> <span class='ocrx_word' id='word_1_226' title='bbox 537 2179 587 2219; x_wconf 90' lang='lat' dir='ltr'>ut</span> <span class='ocrx_word' id='word_1_227' title='bbox 609 2172 745 2220; x_wconf 91' lang='lat' dir='ltr'>oneri</span> <span class='ocrx_word' id='word_1_228' title='bbox 767 2171 1009 2236; x_wconf 79' lang='lat' dir='ltr'>cederent,</span> <span class='ocrx_word' id='word_1_229' title='bbox 1037 2180 1288 2236; x_wconf 88' lang='lat' dir='ltr'>protectae</span> <span class='ocrx_word' id='word_1_230' title='bbox 1310 2180 1431 2221; x_wconf 91' lang='lat' dir='ltr'>sunt.</span> <span class='ocrx_word' id='word_1_231' title='bbox 1482 2187 1575 2220; x_wconf 91' lang='lat' dir='ltr'>nec</span> <span class='ocrx_word' id='word_1_232' title='bbox 1595 2172 1687 2220; x_wconf 90' lang='lat' dir='ltr'>dis·</span> <span class='ocrx_word' id='word_1_233' title='bbox 1707 2187 1749 2221; x_wconf 78' lang='grc' dir='ltr'>ιο</span> 
     </span>
     <span class='ocr_line' id='line_1_30' title="bbox 20 2240 1691 2307; baseline 0 -17"><span class='ocrx_word' id='word_1_234' title='bbox 20 2242 197 2291; x_wconf 90' lang='lat' dir='ltr'>solutio</span> <span class='ocrx_word' id='word_1_235' title='bbox 224 2242 403 2303; x_wconf 88' lang='lat' dir='ltr'>navigii</span> <span class='ocrx_word' id='word_1_236' title='bbox 434 2240 752 2304; x_wconf 89' lang='lat' dir='ltr'>sequebatur,</span> <span class='ocrx_word' id='word_1_237' title='bbox 787 2241 988 2290; x_wconf 88' lang='lat' dir='ltr'>turbatis</span> <span class='ocrx_word' id='word_1_238' title='bbox 1015 2241 1232 2290; x_wconf 91' lang='lat' dir='ltr'>omnibus</span> <span class='ocrx_word' id='word_1_239' title='bbox 1254 2250 1303 2291; x_wconf 92' lang='lat' dir='ltr'>et</span> <span class='ocrx_word' id='word_1_240' title='bbox 1323 2242 1449 2306; x_wconf 86' lang='lat' dir='ltr'>quod</span> <span class='ocrx_word' id='word_1_241' title='bbox 1470 2241 1691 2307; x_wconf 85' lang='lat' dir='ltr'>plerique</span> 
     </span>
     <span class='ocr_line' id='line_1_31' title="bbox 19 2311 1691 2375; baseline 0.001 -16"><span class='ocrx_word' id='word_1_242' title='bbox 19 2313 175 2374; x_wconf 88' lang='lat' dir='ltr'>ignari</span> <span class='ocrx_word' id='word_1_243' title='bbox 214 2312 356 2359; x_wconf 90' lang='lat' dir='ltr'>etiam</span> <span class='ocrx_word' id='word_1_244' title='bbox 385 2312 611 2360; x_wconf 88' lang='lat' dir='ltr'>conscios</span> <span class='ocrx_word' id='word_1_245' title='bbox 641 2311 983 2375; x_wconf 87' lang='lat' dir='ltr'>impediebant.</span> <span class='ocrx_word' id='word_1_246' title='bbox 1039 2313 1190 2360; x_wconf 87' lang='lat' dir='ltr'>visum</span> <span class='ocrx_word' id='word_1_247' title='bbox 1219 2311 1392 2361; x_wconf 89' lang='lat' dir='ltr'>dehinc</span> <span class='ocrx_word' id='word_1_248' title='bbox 1426 2311 1691 2374; x_wconf 87' lang='lat' dir='ltr'>remigibus</span> 
     </span>
     <span class='ocr_line' id='line_1_32' title="bbox 18 2380 1689 2445; baseline 0.001 -17"><span class='ocrx_word' id='word_1_249' title='bbox 18 2395 159 2428; x_wconf 86' lang='lat' dir='ltr'>unum</span> <span class='ocrx_word' id='word_1_250' title='bbox 186 2382 231 2428; x_wconf 93' lang='lat' dir='ltr'>in</span> <span class='ocrx_word' id='word_1_251' title='bbox 258 2380 381 2429; x_wconf 88' lang='lat' dir='ltr'>latus</span> <span class='ocrx_word' id='word_1_252' title='bbox 410 2380 640 2430; x_wconf 90' lang='lat' dir='ltr'>inclinare</span> <span class='ocrx_word' id='word_1_253' title='bbox 668 2388 812 2445; x_wconf 87' lang='lat' dir='ltr'>atque</span> <span class='ocrx_word' id='word_1_254' title='bbox 838 2382 900 2429; x_wconf 89' lang='lat' dir='ltr'>ita</span> <span class='ocrx_word' id='word_1_255' title='bbox 926 2396 1096 2430; x_wconf 86' lang='lat' dir='ltr'>navem</span> <span class='ocrx_word' id='word_1_256' title='bbox 1121 2381 1464 2444; x_wconf 89' lang='lat' dir='ltr'>submergere:</span> <span class='ocrx_word' id='word_1_257' title='bbox 1493 2381 1580 2430; x_wconf 90' lang='lat' dir='ltr'>sed</span> <span class='ocrx_word' id='word_1_258' title='bbox 1607 2396 1689 2429; x_wconf 92' lang='lat' dir='ltr'>ne-</span> 
     </span>
     <span class='ocr_line' id='line_1_33' title="bbox 21 2451 1692 2515; baseline -0.001 -17"><span class='ocrx_word' id='word_1_259' title='bbox 21 2465 113 2515; x_wconf 85' lang='lat' dir='ltr'>que</span> <span class='ocrx_word' id='word_1_260' title='bbox 142 2451 261 2515; x_wconf 86' lang='lat' dir='ltr'>ipsis</span> <span class='ocrx_word' id='word_1_261' title='bbox 298 2458 548 2514; x_wconf 88' lang='lat' dir='ltr'>promptus</span> <span class='ocrx_word' id='word_1_262' title='bbox 581 2452 627 2498; x_wconf 93' lang='lat' dir='ltr'>in</span> <span class='ocrx_word' id='word_1_263' title='bbox 661 2465 762 2499; x_wconf 92' lang='lat' dir='ltr'>rem</span> <span class='ocrx_word' id='word_1_264' title='bbox 791 2451 990 2499; x_wconf 89' lang='lat' dir='ltr'>subitam</span> <span class='ocrx_word' id='word_1_265' title='bbox 1018 2467 1306 2514; x_wconf 82' lang='lat' dir='ltr'>consensuS,</span> <span class='ocrx_word' id='word_1_266' title='bbox 1346 2451 1496 2499; x_wconf 88' lang='lat' dir='ltr'>etalii</span> <span class='ocrx_word' id='word_1_267' title='bbox 1525 2458 1692 2498; x_wconf 90' lang='lat' dir='ltr'>contra</span> 
     </span>
     <span class='ocr_line' id='line_1_34' title="bbox 19 2519 1749 2570; baseline -0.001 -2"><span class='ocrx_word' id='word_1_268' title='bbox 19 2522 224 2568; x_wconf 87' lang='lat' dir='ltr'>nitentes</span> <span class='ocrx_word' id='word_1_269' title='bbox 240 2519 420 2568; x_wconf 89' lang='lat' dir='ltr'>dedere</span> <span class='ocrx_word' id='word_1_270' title='bbox 442 2520 716 2568; x_wconf 88' lang='lat' dir='ltr'>facultatem</span> <span class='ocrx_word' id='word_1_271' title='bbox 737 2520 934 2570; x_wconf 87' lang='lat' dir='ltr'>lenioris</span> <span class='ocrx_word' id='word_1_272' title='bbox 954 2523 999 2568; x_wconf 93' lang='lat' dir='ltr'>in</span> <span class='ocrx_word' id='word_1_273' title='bbox 1021 2536 1151 2570; x_wconf 89' lang='lat' dir='ltr'>mare</span> <span class='ocrx_word' id='word_1_274' title='bbox 1171 2523 1337 2570; x_wconf 87' lang='lat' dir='ltr'>iactus.</span> <span class='ocrx_word' id='word_1_275' title='bbox 1359 2535 1525 2568; x_wconf 91' lang='lat' dir='ltr'>verum</span> <span class='ocrx_word' id='word_1_276' title='bbox 1538 2519 1686 2567; x_wconf 90' lang='lat' dir='ltr'>Acer·</span> <span class='ocrx_word' id='word_1_277' title='bbox 1710 2531 1749 2565; x_wconf 71' lang='grc' dir='ltr'>ιι</span> 
     </span>
     <span class='ocr_line' id='line_1_35' title="bbox 22 2589 1691 2655; baseline 0.001 -20"><span class='ocrx_word' id='word_1_278' title='bbox 22 2591 174 2653; x_wconf 87' lang='lat' dir='ltr'>ronia,</span> <span class='ocrx_word' id='word_1_279' title='bbox 197 2589 497 2655; x_wconf 86' lang='lat' dir='ltr'>inprudentia</span> <span class='ocrx_word' id='word_1_280' title='bbox 518 2589 624 2637; x_wconf 90' lang='lat' dir='ltr'>dum</span> <span class='ocrx_word' id='word_1_281' title='bbox 647 2605 700 2638; x_wconf 90' lang='lat' dir='ltr'>se</span> <span class='ocrx_word' id='word_1_282' title='bbox 721 2590 1037 2654; x_wconf 88' lang='lat' dir='ltr'>Agrippinam</span> <span class='ocrx_word' id='word_1_283' title='bbox 1060 2605 1170 2638; x_wconf 90' lang='lat' dir='ltr'>esse</span> <span class='ocrx_word' id='word_1_284' title='bbox 1190 2598 1334 2653; x_wconf 91' lang='lat' dir='ltr'>utque</span> <span class='ocrx_word' id='word_1_285' title='bbox 1357 2589 1691 2637; x_wconf 83' lang='lat' dir='ltr'>subveniretur</span> 
     </span>
     <span class='ocr_line' id='line_1_36' title="bbox 22 2657 1691 2725; baseline 0 -19"><span class='ocrx_word' id='word_1_286' title='bbox 22 2661 157 2707; x_wconf 90' lang='lat' dir='ltr'>matri</span> <span class='ocrx_word' id='word_1_287' title='bbox 183 2661 414 2725; x_wconf 89' lang='lat' dir='ltr'>principis</span> <span class='ocrx_word' id='word_1_288' title='bbox 439 2659 664 2720; x_wconf 78' lang='lat' dir='ltr'>clamitat,</span> <span class='ocrx_word' id='word_1_289' title='bbox 690 2660 846 2707; x_wconf 89' lang='lat' dir='ltr'>contis</span> <span class='ocrx_word' id='word_1_290' title='bbox 866 2666 914 2707; x_wconf 92' lang='lat' dir='ltr'>et</span> <span class='ocrx_word' id='word_1_291' title='bbox 935 2660 1080 2707; x_wconf 91' lang='lat' dir='ltr'>remis</span> <span class='ocrx_word' id='word_1_292' title='bbox 1108 2667 1155 2707; x_wconf 91' lang='lat' dir='ltr'>et</span> <span class='ocrx_word' id='word_1_293' title='bbox 1178 2674 1301 2722; x_wconf 90' lang='lat' dir='ltr'>quae</span> <span class='ocrx_word' id='word_1_294' title='bbox 1321 2659 1425 2707; x_wconf 89' lang='lat' dir='ltr'>fors</span> <span class='ocrx_word' id='word_1_295' title='bbox 1450 2657 1691 2707; x_wconf 87' lang='lat' dir='ltr'>obtulerat</span> 
     </span>
     <span class='ocr_line' id='line_1_37' title="bbox 23 2727 1688 2793; baseline 0 -18"><span class='ocrx_word' id='word_1_296' title='bbox 23 2728 270 2778; x_wconf 86' lang='lat' dir='ltr'>navalibus</span> <span class='ocrx_word' id='word_1_297' title='bbox 310 2729 420 2778; x_wconf 89' lang='lat' dir='ltr'>telis</span> <span class='ocrx_word' id='word_1_298' title='bbox 451 2729 726 2778; x_wconf 80' lang='lat' dir='ltr'>conficitur:</span> <span class='ocrx_word' id='word_1_299' title='bbox 760 2728 1030 2793; x_wconf 89' lang='lat' dir='ltr'>Agrippina</span> <span class='ocrx_word' id='word_1_300' title='bbox 1058 2729 1208 2777; x_wconf 92' lang='lat' dir='ltr'>silens</span> <span class='ocrx_word' id='word_1_301' title='bbox 1247 2742 1402 2792; x_wconf 91' lang='lat' dir='ltr'>eoque</span> <span class='ocrx_word' id='word_1_302' title='bbox 1428 2729 1580 2776; x_wconf 88' lang='lat' dir='ltr'>minus</span> <span class='ocrx_word' id='word_1_303' title='bbox 1609 2727 1688 2775; x_wconf 91' lang='lat' dir='ltr'>ad-</span> 
     </span>
     <span class='ocr_line' id='line_1_38' title="bbox 24 2797 1686 2864; baseline 0.001 -20"><span class='ocrx_word' id='word_1_304' title='bbox 24 2797 152 2860; x_wconf 84' lang='lat' dir='ltr'>gnita</span> <span class='ocrx_word' id='word_1_305' title='bbox 169 2801 332 2864; x_wconf 89' lang='lat' dir='ltr'>(unum</span> <span class='ocrx_word' id='word_1_306' title='bbox 353 2806 508 2847; x_wconf 91' lang='lat' dir='ltr'>tamen</span> <span class='ocrx_word' id='word_1_307' title='bbox 526 2798 695 2846; x_wconf 90' lang='lat' dir='ltr'>vulnus</span> <span class='ocrx_word' id='word_1_308' title='bbox 711 2813 876 2847; x_wconf 90' lang='lat' dir='ltr'>umero</span> <span class='ocrx_word' id='word_1_309' title='bbox 895 2800 1114 2864; x_wconf 88' lang='lat' dir='ltr'>excepit)</span> <span class='ocrx_word' id='word_1_310' title='bbox 1130 2798 1303 2859; x_wconf 65' lang='lat' dir='ltr'>nanim,</span> <span class='ocrx_word' id='word_1_311' title='bbox 1324 2797 1686 2847; x_wconf 83' lang='lat' dir='ltr'>deindeoccur-</span> 
     </span>
     <span class='ocr_line' id='line_1_39' title="bbox 26 2866 1748 2917; baseline 0.001 -5"><span class='ocrx_word' id='word_1_312' title='bbox 26 2881 78 2913; x_wconf 88' lang='lat' dir='ltr'>su</span> <span class='ocrx_word' id='word_1_313' title='bbox 106 2866 465 2917; x_wconf 87' lang='lat' dir='ltr'>lenunculorum</span> <span class='ocrx_word' id='word_1_314' title='bbox 480 2868 731 2916; x_wconf 88' lang='lat' dir='ltr'>Lucrinum</span> <span class='ocrx_word' id='word_1_315' title='bbox 752 2868 797 2915; x_wconf 91' lang='lat' dir='ltr'>in</span> <span class='ocrx_word' id='word_1_316' title='bbox 822 2867 974 2916; x_wconf 91' lang='lat' dir='ltr'>lacum</span> <span class='ocrx_word' id='word_1_317' title='bbox 998 2876 1139 2917; x_wconf 88' lang='lat' dir='ltr'>vecta</span> <span class='ocrx_word' id='word_1_318' title='bbox 1161 2868 1304 2915; x_wconf 87' lang='lat' dir='ltr'>villae</span> <span class='ocrx_word' id='word_1_319' title='bbox 1329 2883 1443 2915; x_wconf 89' lang='lat' dir='ltr'>suae</span> <span class='ocrx_word' id='word_1_320' title='bbox 1469 2867 1687 2915; x_wconf 86' lang='lat' dir='ltr'>infertur.</span> <span class='ocrx_word' id='word_1_321' title='bbox 1705 2881 1748 2913; x_wconf 86' lang='lat'>20</span> 
     </span>
    </p>
   </div>
  </div>
 </body>
</html>
