1976 3224
0 2630 6 2832 l

0 2833 9 2963 ἢ

0 2965 12 3065 ¹:

0 3148 15 3201 ’ἑ

0 3188 17 3224 ιῚλ

578 275 753 312 LIBER
779 275 903 311 xm.
934 274 1060 313 CAP.
1082 273 1250 316 6—12.
1647 264 1750 315 229

62 404 289 452 ·1nsteius
333 402 392 451 ab
429 402 662 452 Ummidio
709 404 909 464 missuS,
962 402 1089 450 forte
1127 404 1290 466 priore
1330 403 1389 451 de
1438 417 1581 451 causa
1621 404 1749 452 adito

82 488 219 536 rege.
266 472 395 536 quod
418 480 668 536 postquam
691 470 954 520 Corbuloni
977 473 1218 534 cognitum
1239 479 1327 535 est,
1357 473 1426 520 ire
1453 472 1749 536 praefectum

84 542 299 595 cohortis
337 541 524 590 Arrium
555 543 732 590 Varum
779 548 826 589 et
865 541 1146 605 reciperare
1196 541 1391 590 obsides
1435 542 1581 589 iubet.
1640 543 1750 594 hinc

83 619 234 663 ortum
261 613 383 659 inter
410 611 706 675 praefectum
729 618 776 659 et
802 611 1128 659 centurionem
1152 612 1354 674 iurgium
1383 626 1444 659 ne
1473 611 1642 660 diutius
1668 628 1748 661 ex·
1767 635 1809 669 ω

81 683 230 730 ternis
267 680 744 745 spectaculoesset,
783 679 1026 740 arbitrium
1061 682 1133 729 rei
1173 680 1420 729 obsidibus
1458 681 1748 746 legatisque,

85 751 164 815 qui
206 766 294 799 eos
335 749 596 812 ducebant,
641 751 940 814 permissum.
994 757 1140 814 atque
1163 750 1232 810 illi
1261 756 1481 814 propter
1504 759 1750 801 recentem

80 821 308 884 gloriam,
347 827 392 868 et
421 819 729 868 inclinatione
754 819 953 882 quadam
982 821 1122 869 etiam
1148 819 1380 882 hostium,
1424 819 1749 869 Corbulonem

81 889 371 955 praetulere.
425 888 548 938 unde
585 888 824 938 discordia
869 891 992 937 inter
1027 889 1202 952 duceS,
1240 896 1471 954 querente
1511 891 1748 940 Ummidio

82 966 338 1024 praerepta
368 973 490 1022 quae
517 959 614 1006 suis
643 959 858 1007 consiliis
879 959 1184 1022 patravisset,
1212 966 1421 1007 testante
1444 967 1608 1008 contra
1631 960 1747 1008 Cor·
1767 981 1805 1014 ω

80 1028 256 1077 bulone
292 1043 388 1077 nou
422 1029 553 1092 prius
601 1041 887 1076 conversum
925 1043 1093 1090 regem
1131 1028 1190 1076 ad
1230 1028 1510 1076 offerendos
1556 1029 1750 1078 obsides

80 1113 216 1163 quam
251 1099 358 1162 ipse
402 1097 495 1146 dux
529 1097 662 1146 bello
695 1097 910 1145 delectus
949 1112 1062 1161 spes
1091 1099 1192 1145 eius
1231 1097 1289 1146 ad
1328 1104 1502 1146 metum
1531 1107 1747 1147 mutaret,

79 1168 211 1216 Nero
241 1181 333 1231 quo
359 1174 676 1230 componeret
708 1166 959 1227 diversOS,
987 1168 1057 1214 sic
1084 1167 1304 1230 evulgari
1331 1168 1492 1216 iussit:
1525 1167 1587 1215 ob
1610 1183 1690 1216 res
1723 1183 1748 1217 a

82 1236 326 1298 Quadrato
368 1244 415 1284 et
451 1234 731 1294 Corbulone
756 1250 996 1300 prospere
1023 1242 1189 1299 gestas
1226 1236 1404 1299 laurum
1429 1236 1643 1286 fascibus
1667 1239 1747 1286 im-

82 1307 339 1371 peratoriis
365 1305 488 1354 addi.
544 1320 664 1369 quae
690 1307 736 1353 in
765 1305 888 1353 alios
914 1305 1141 1354 consules
1167 1318 1371 1368 egressa
1397 1307 1659 1359 coniunxi„
1764 1332 1806 1364 2¹2

183 1377 262 1424 10.
300 1375 485 1424 Eodem
531 1389 654 1423 anno
696 1373 877 1423 Caesar
918 1374 1130 1437 effigiem
1168 1373 1253 1422 Cn.
1287 1374 1497 1423 Domitio
1540 1377 1663 1440 patri
1703 1386 1750 1426 et

83 1445 354 1494 consularia
391 1446 598 1507 insignia
637 1444 852 1493 Asconio
879 1443 1122 1507 Labeoni,
1159 1458 1252 1508 quo
1290 1451 1448 1492 tutore
1483 1460 1597 1492 usus
1626 1452 1747 1511 erat,

85 1515 252 1578 petivit
278 1530 304 1563 a
331 1521 525 1570 senatu;
553 1514 741 1577 sibique
769 1521 947 1561 statuas
979 1521 1181 1576 argento
1208 1513 1287 1561 vel
1314 1528 1429 1562 auro
1457 1514 1640 1563 solidas
1667 1514 1748 1564 ad-

79 1598 248 1632 versus
275 1582 819 1647 offerentesaeprohibuit.
876 1590 922 1630 et
944 1597 1223 1646 quamquam
1246 1584 1546 1631 censuissent
1567 1591 1746 1646 patres,

79 1662 127 1701 ut
154 1654 438 1718 principium
465 1654 573 1702 anni
601 1654 840 1716 inciperet
864 1667 1031 1700 mense
1050 1651 1335 1714 Decembri,
1364 1666 1458 1716 quo
1486 1660 1620 1701 ortus
1646 1661 1748 1702 erat
1767 1670 1787 1702 5

78 1721 230 1785 Nero,
256 1715 472 1771 veterem
496 1722 786 1785 religionem
805 1721 1111 1770 kalendarum
1132 1720 1456 1770 Ianuariarum
1476 1721 1755 1771 inchoando.

79 1806 203 1839 anuo
239 1792 446 1840 retinuit.
504 1806 662 1854 neque
697 1792 883 1856 recepti
921 1799 1026 1839 sunt
1062 1793 1184 1839 inter
1218 1805 1333 1840 reos
1366 1790 1566 1840 Carinas
1603 1791 1749 1841 Celer

80 1867 300 1922 senator,
341 1875 484 1908 servo
523 1868 809 1922 accusante,
852 1867 930 1909 aut
967 1860 1114 1909 Iulius
1154 1859 1344 1909 Densus
1381 1869 1634 1925 equester,
1673 1864 1746 1910 cui

79 1930 217 1977 favor
246 1931 292 1976 in
318 1928 635 1977 Britannicum
666 1929 846 1976 crimini
873 1929 1086 1977 dabatur.

193 2001 272 2047 11.
311 1997 508 2047 Claudio
536 1997 732 2046 Nerone
767 1996 818 2046 L.
861 1997 1069 2047 Antistio
1101 1997 1375 2047 consulibus
1414 2014 1518 2047 cum
1554 2000 1601 2046 in
1642 2007 1747 2048 acta

85 2063 351 2132 principum
387 2069 597 2116 iurarent
631 2068 958 2130 magistratuS,
1001 2068 1047 2115 in
1088 2083 1171 2116 sua
1209 2074 1314 2115 acta
1350 2068 1590 2130 collegam
1614 2068 1745 2118 Anti·

81 2139 216 2185 stium
245 2139 400 2186 iurare
428 2136 697 2201 prohibuit,
734 2138 918 2200 magnis
945 2144 1128 2201 patrum
1162 2136 1405 2200 laudibus,
1439 2144 1487 2185 ut
1525 2137 1748 2186 iuvenilis

84 2209 264 2255 animus
301 2207 475 2255 levium
515 2220 710 2270 quoque
750 2221 906 2255 rerum
940 2207 1098 2268 gloria
1136 2206 1348 2254 sublatus
1383 2207 1594 2255 maiores
1634 2221 1746 2256 con-

84 2278 300 2324 tinuaret.
357 2283 619 2340 secutaque
645 2276 815 2324 lenitas
841 2276 887 2323 in
914 2275 1143 2324 Plautium
1169 2275 1477 2338 Lateranum,
1518 2291 1658 2340 quem
1685 2276 1747 2325 ob
1768 2295 1789 2329 5

85 2344 364 2393 adulterium
388 2345 677 2394 Messalinae
714 2345 882 2393 ordine
907 2345 1145 2394 demotum
1171 2345 1376 2408 reddidit
1401 2348 1609 2408 senatui,
1650 2346 1746 2394 cle-

84 2415 305 2462 mentiam
333 2429 462 2463 suam
494 2414 802 2477 obstringens
827 2414 1014 2463 crebris
1040 2415 1367 2478 orationibus,
1395 2430 1513 2479 quas
1539 2416 1745 2476 Seneca,

84 2483 387 2532 testificando
423 2498 562 2546 quam
601 2484 800 2532 honesta
840 2484 1173 2550 praeciperet,
1210 2484 1290 2533 vel
1316 2483 1521 2533 iactandi
1550 2484 1746 2546 ingenii,

86 2565 208 2600 voce
234 2553 468 2616 principis
493 2552 736 2615 vulgabat.
1289 2581 1291 2584 .

189 2620 267 2670 12.
310 2620 531 2671 Ceterum
569 2622 770 2670 infracta
818 2622 1041 2684 paulatim
1081 2623 1294 2685 potentia
1332 2624 1494 2670 matris
1544 2622 1745 2686 delapso

84 2687 279 2739 Herone
314 2692 361 2740 in
387 2706 597 2740 amorem
625 2690 852 2751 libertae,
895 2693 966 2739 cui
993 2690 1278 2739 vocabulum
1303 2690 1427 2738 Acte
1460 2691 1571 2754 fuit,
1610 2690 1747 2740 simul

87 2758 344 2824 adsumptis
377 2762 423 2809 in
461 2760 801 2809 conscientiam
828 2758 896 2808 M.
931 2758 1119 2808 Othone
1150 2767 1198 2808 et
1233 2758 1432 2808 Claudio
1455 2761 1744 2823 Senecione,

90 2826 459 2879 adulescentulis
485 2829 697 2891 decoris,
730 2843 928 2892 quorum
947 2828 1070 2877 Otho
1100 2829 1277 2877 familia
1306 2829 1564 2892 consulari,
1597 2830 1744 2878 Sene·

90 2896 166 2943 cio
194 2896 367 2946 liberto
395 2898 618 2948 Caesaris
644 2905 780 2963 patre
805 2900 1012 2960 genitus.
1054 2899 1220 2960 ignara
1241 2906 1410 2959 matre,
1440 2897 1549 2947 dein
1570 2898 1744 2947 frustra
1765 2919 1785 2950 ε

90 2963 358 3030 obnitente,
395 2968 584 3031 penitus
611 2968 882 3031 inrepserat
912 2982 999 3032 per
1027 2967 1184 3016 luxum
1217 2975 1262 3015 et
1290 2966 1507 3032 ambigua
1540 2976 1746 3030 secreta,
