2008 3230
1144 139 1145 143 ¹
1156 132 1183 165 ’.ἕω

690 196 865 234 LIBER
885 196 922 234 1.
955 194 1078 233 cAP.
1100 155 1301 237 55459.
1759 183 1825 232 29

155 326 299 377 licam
329 326 376 373 in
406 326 559 389 ripam
583 323 756 376 missus
784 330 872 371 est.
940 321 1223 372 Germanico
1259 324 1463 387 pretium
1495 322 1583 371 fuit
1622 337 1824 372 conver-

156 404 262 445 tere
289 410 479 459 agmen,
510 400 867 458 pugnatumque
895 393 942 441 in
968 393 1254 455 obsidentiS,
1285 401 1333 442 et
1359 400 1555 457 ereptus
1587 392 1825 456 Segestes

155 481 327 529 magna
354 480 461 514 cum
490 464 868 528 propinquorum
897 470 946 511 et
982 462 1222 512 clientium
1261 478 1415 512 manu.
1469 464 1657 512 inerant
1692 463 1826 511 femi-

155 551 248 585 nae
275 533 486 595 nobileS,
513 535 638 581 inter
665 548 784 596 quas
813 547 937 581 uxor
956 532 1156 581 Arminii
1177 533 1444 596 eademque
1467 532 1563 581 filia
1585 533 1826 596 SegestiS‚

155 607 310 655 mariti
336 605 489 667 magis
515 617 653 667 quam
678 603 891 667 parentis
923 603 1103 664 animo,
1132 617 1290 667 neque
1319 604 1479 652 evicta
1510 604 1560 650 in
1599 602 1821 651 lacrimas
1844 618 1883 652 15

156 690 315 740 neque
341 688 466 722 voce
495 673 732 741 supplex²
778 674 1073 737 compressis
1102 673 1223 721 intra
1250 673 1402 720 sinum
1427 671 1644 720 manibus
1670 674 1827 735 gravi-

157 746 266 795 dum
303 751 488 793 uterum
526 744 730 791 intuens.
794 742 1075 791 ferebantur
1113 749 1160 790 et
1197 742 1355 805 spolia
1379 741 1618 790 Varianae
1661 742 1828 806 cladiS‚

154 815 407 879 plerisque
438 827 604 862 eoru-m
645 813 725 876 qui
766 819 862 859 tum
904 812 950 859 in
987 811 1279 860 deditionem
1321 811 1581 860 veniebant
1618 812 1830 876 praedae

155 885 289 934 data:
319 883 455 932 simul
487 883 726 946 Segestes
754 882 880 945 ipse,
909 882 1081 944 ingens
1108 882 1215 929 visu
1241 888 1290 929 et
1307 881 1538 930 memoria
1563 880 1721 930 bonae
1751 895 1828 930 so-

155 956 342 1003 cietatis
372 953 639 1017 inpavidus,
1844 961 1887 994 20

263 1023 346 1073 58.
383 1022 548 1071 Verba
586 1023 688 1071 eius
723 1022 770 1070 in
821 1021 944 1069 hunc
988 1020 1179 1070 modum
1223 1019 1387 1069 fuere:
1437 1021 1562 1068 enon
1605 1019 1685 1069 hic
1717 1021 1830 1069 mihi

156 1094 337 1158 primus
368 1107 485 1155 erga
510 1092 741 1156 populum
761 1091 1024 1139 Romanum
1049 1090 1160 1139 fidei
1186 1096 1234 1138 et
1262 1091 1559 1140 constantiae
1589 1089 1711 1139 dies.
1768 1106 1831 1139 ex

154 1178 250 1228 quo
278 1178 305 1211 a
338 1163 448 1211 divo
476 1161 697 1225 Augusto
720 1161 912 1209 civitate
933 1161 1136 1210 donatus
1155 1175 1276 1221 sum,
1305 1161 1486 1208 amicos
1510 1160 1827 1224 inimicosque

155 1248 218 1282 ex
242 1233 419 1280 vestris
440 1231 720 1280 utilitatibus
742 1230 923 1293 delegi,
952 1245 1110 1294 neque
1137 1230 1249 1278 odio
1278 1231 1461 1294 patriae
1484 1230 1692 1295 (quippe
1714 1245 1826 1294 pro-

155 1302 338 1351 ditores
376 1303 517 1350 etiam
556 1302 613 1349 iis
648 1314 770 1364 quos
805 1305 1100 1364 anteponunt
1137 1300 1275 1347 invisi
1313 1301 1475 1364 sunt),
1513 1314 1680 1348 verum
1717 1301 1869 1364 quias

153 1371 382 1420 Romanis
411 1371 758 1434 Germanisque
782 1370 909 1418 idem
936 1369 1211 1418 conducere
1251 1376 1301 1417 et
1338 1384 1510 1433 pacem
1551 1383 1690 1432 quam
1724 1369 1828 1417 bel-

153 1442 248 1490 lum
274 1440 553 1506 probabam.
601 1454 725 1503 ,ergo
754 1447 999 1503 raptorem
1033 1439 1159 1487 filiae
1195 1453 1361 1501 meae,
1400 1439 1689 1487 violatorem
1723 1438 1827 1486 foe-

153 1511 282 1560 deris
311 1511 479 1573 vestri,
506 1510 767 1558 Arminium
792 1509 917 1572 apud
944 1509 1149 1570 Varum,
1179 1509 1258 1571 qui
1286 1515 1382 1556 tum
1413 1508 1650 1557 exercitui
1687 1522 1827 1572 prae-

153 1581 361 1642 sidebat,
389 1595 521 1628 reum
547 1580 659 1628 feci.
706 1579 878 1629 dilatus
903 1579 1111 1642 segnitia
1137 1577 1288 1640 duciS,
1318 1578 1428 1642 quia
1452 1592 1618 1642 parum
1643 1578 1827 1642 praesi-

151 1650 215 1699 dii
243 1651 290 1698 in
317 1649 508 1713 legibus
539 1657 668 1711 erat,
704 1656 756 1697 ut
790 1663 866 1696 me
906 1656 954 1697 et
987 1647 1248 1696 Arminium
1284 1654 1333 1696 et
1369 1647 1594 1696 conscios
1624 1647 1829 1696 vinciret
1847 1659 1887 1692 ιο

152 1719 390 1783 flagitavi:
422 1720 561 1768 testis
590 1719 674 1768 illa
699 1733 798 1767 nox
823 1718 935 1767 mihi
973 1719 1149 1766 utinam
1179 1716 1338 1781 potius
1375 1716 1664 1766 novissima!
1703 1731 1827 1781 quae

153 1797 322 1838 secuta
346 1797 473 1851 sunt,
504 1788 673 1838 defleri
698 1789 848 1851 magis
877 1802 1016 1852 quam
1043 1786 1237 1837 defendi
1268 1794 1498 1851 possunt:
1534 1794 1750 1836 ceterum
1781 1793 1829 1835 et

151 1859 298 1908 inieci
325 1867 522 1907 catenas
549 1859 762 1906 Arminio
790 1865 837 1906 et
872 1872 898 1906 a
933 1857 1144 1906 factione
1181 1857 1282 1905 eius
1320 1857 1522 1906 iniectas
1558 1871 1827 1921 perpessus

154 1943 271 1977 sum.
335 1935 479 1992 atque
506 1927 586 1976 ubi
611 1929 812 1992 primum
838 1928 905 1974 tui
931 1927 1100 1990 copia,
1129 1934 1298 1975 vetera
1316 1927 1455 1975 novis
1478 1933 1527 1974 et
1545 1927 1707 1990 quieta
1731 1933 1826 1974 tur-

152 1997 276 2051 bidis
305 1997 595 2059 antehabe0‚
622 2012 782 2061 neque
809 1996 872 2044 ob
901 1997 1181 2060 praemium,
1213 1995 1302 2044 sed
1330 2003 1380 2044 ut
1404 2011 1482 2045 me
1507 1996 1711 2060 perfidia
1740 2011 1825 2044 ex·
1846 2009 1887 2043 15

155 2067 356 2129 solvam,
387 2067 526 2115 simul
553 2067 686 2129 genti
715 2065 1058 2116 Germanorum
1086 2066 1287 2114 idoneus
1316 2065 1618 2126 conciliator,
1649 2066 1689 2112 si
1711 2079 1825 2129 pae-

151 2138 395 2186 nitentiam
433 2152 574 2201 quam
611 2136 875 2201 perniciem
910 2135 1146 2185 maluerit.
1207 2149 1297 2199 pro
1333 2136 1528 2183 iuventa
1563 2141 1610 2182 et
1657 2148 1826 2183 errore

152 2206 236 2255 filii
262 2208 449 2256 veniam
486 2221 689 2271 precor:
728 2205 871 2255 filiam
908 2205 1203 2254 necessitate
1237 2204 1332 2253 huc
1361 2203 1614 2253 adductam
1650 2203 1825 2253 fateor.

151 2283 280 2325 tuum
316 2277 405 2325 erit
436 2276 742 2337 consultare,
787 2283 942 2324 utrum
987 2274 1296 2339 praevaleat,
1341 2273 1471 2338 quod
1513 2289 1576 2323 ex
1610 2272 1826 2323 Arminio

154 2347 381 2410 concepit
419 2360 478 2394 an
513 2345 642 2410 quod
690 2361 752 2393 ex
784 2360 860 2393 me
901 2345 1062 2408 genita
1100 2346 1214 2393 est.’
1278 2342 1463 2394 Caesar
1493 2344 1720 2393 clementi
1745 2360 1821 2393 re·
1842 2357 1884 2390 20

153 2430 337 2480 sponso
366 2414 533 2464 liberis
561 2416 943 2479 propinquisque
971 2415 1074 2463 eius
1101 2413 1507 2475 incolumitatem,
1543 2415 1636 2478 ipsi
1661 2413 1827 2462 sedem

151 2493 324 2534 vetere
351 2485 398 2532 in
424 2485 674 2549 provincia
698 2484 975 2549 pollicetur.
1035 2485 1300 2533 exercitum
1327 2483 1518 2532 reduxit
1556 2498 1826 2546 nomenque

151 2555 459 2619 imperatoris
497 2562 695 2603 auctore
734 2553 929 2602 Tiberio
981 2554 1187 2618 accepit.
1263 2552 1463 2601 Arminii
1509 2567 1632 2602 uxor
1674 2553 1825 2602 virilis

155 2639 302 2673 sexus
334 2624 536 2688 stirpem
568 2622 739 2672 edidit:
780 2622 1010 2671 educatus
1036 2622 1297 2671 Ravennae
1326 2637 1448 2685 puer
1475 2636 1570 2685 quo
1606 2636 1719 2671 mox
1755 2622 1824 2672 lu-

154 2693 310 2742 dibrio
340 2693 641 2742 conflictatus
672 2693 746 2756 sit,
773 2692 819 2738 in
850 2698 1069 2755 tempore
1097 2691 1391 2740 memorabo.
1838 2701 1881 2733 25

259 2762 342 2812 59.
382 2761 525 2812 Fama
564 2761 712 2811 dediti
752 2760 1059 2824 benigneque
1111 2761 1305 2824 excepti
1343 2759 1567 2823 Segestis
1607 2761 1820 2824 vulgata,

154 2838 204 2879 ut
230 2830 500 2895 quibusque
528 2831 708 2880 bellum
736 2830 892 2878 invitis
926 2837 1004 2878 aut
1028 2828 1329 2893 cupientibus
1357 2837 1501 2892 erat.,¹
1519 2845 1607 2895 spe
1631 2831 1714 2880 vel
1739 2830 1822 2880 do-

154 2899 260 2948 lore
285 2901 533 2965 accipitur.
575 2899 834 2950 Arminium
857 2913 1003 2962 super
1019 2898 1210 2948 insitam
1229 2898 1506 2949 violentiam
1526 2908 1662 2965 rapta
1682 2915 1821 2964 uxor,
