1976 3224
574 222 749 259 LIBER
769 223 852 259 111.
882 221 1007 260 GAP.
1029 219 1227 264 24—29.
1665 210 1727 260 91

69 353 128 400 tis
157 349 234 398 vel
261 351 512 399 conversis
542 348 800 412 prioribus,
832 363 936 396 cum
961 348 1098 412 plura
1130 348 1416 410 addidisset,
1458 350 1603 398 otium
1630 350 1734 398 eius

68 420 139 469 rei
165 418 288 467 haud
318 419 366 466 in
391 418 587 481 longum
613 420 824 482 paravit,
854 419 1010 466 statim
1046 417 1245 466 turbidis
1269 417 1437 482 Lepidi
1469 418 1732 481 rogationi·

69 490 174 552 bna,
197 503 353 553 neque
378 487 526 536 multo
552 494 666 552 post
691 486 892 536 tribunis
913 486 1099 535 reddita
1119 487 1313 536 licentia
1337 501 1530 552 quoquo
1551 487 1735 536 vellent

69 558 300 624 populum
316 557 551 620 agitandi.
610 558 798 620 iamque
823 571 920 604 non
943 556 1085 605 modo
1106 558 1153 604 in
1178 571 1442 620 commune,
1470 557 1556 606 sed
1574 557 1622 605 in
1642 558 1732 606 sin·
1755 576 1792 607 ι.)

66 629 210 692 gulos
237 627 453 676 homines
474 627 599 676 latae
625 627 963 690 quaestioneS,
995 633 1044 675 et
1073 627 1433 692 corruptissima
1456 642 1509 675 re
1541 626 1734 691 publica

70 699 301 763 plurimae
326 696 483 758 leges.
1177 743 1179 745 ,

168 766 252 816 28.
292 766 408 815 Tum
436 763 523 813 Cn.
561 765 818 829 Pompeius
856 765 1046 813 tertium
1086 764 1254 813 consul
1301 764 1602 827 corrigendis
1635 779 1733 814 mo-

67 837 198 886 ribus
225 835 442 884 delectus
469 842 516 883 et
542 836 741 898 gravior
766 833 990 884 remediis
1011 849 1150 897 quam
1174 834 1350 882 delicta
1372 842 1506 882 erant
1527 849 1733 882 suarum-

68 922 162 971 que
187 906 350 968 legum
374 912 543 954 auctor
571 904 781 953 idemac
817 903 1104 966 subversor,
1151 918 1273 967 quae
1314 904 1456 951 armis
1498 903 1734 966 tuebatur,

68 976 209 1026 armis
236 976 405 1023 amisit.
455 975 581 1023 exim
611 975 833 1023 continua
858 988 946 1038 per
978 973 1149 1035 viginti
1174 987 1324 1023 annos
1353 973 1610 1035 discordia,
1639 986 1735 1021 non

67 1061 197 1108 moa,
223 1059 319 1093 non
351 1045 449 1100 ius;
488 1043 743 1092 deterrima
780 1057 999 1106 quaeque
1037 1043 1215 1107 inpune
1252 1057 1308 1091 ac
1350 1042 1495 1092 multa
1532 1042 1775 1091 honestas

69 1115 218 1165 exitio
246 1115 399 1163 fuere.
451 1120 591 1162 sexto
618 1113 803 1163 demum
840 1111 1089 1161 consulatu
1121 1110 1305 1163 Caesar
1333 1112 1610 1174 Augustus«,
1650 1125 1735 1177 po-

69 1186 248 1234 tentiae
277 1198 503 1246 securuS,
532 1197 657 1247 quaer
680 1184 975 1230 triumviratu
1011 1182 1216 1230 iusserat
1252 1181 1467 1229 abolevit
1511 1181 1737 1245 deditque

71 1255 187 1316 iura,
217 1253 322 1318 quis
354 1267 476 1317 pace
501 1259 549 1300 et
575 1252 792 1317 principe
822 1259 1076 1300 uteremur.
1129 1252 1317 1300 acriora
1354 1266 1419 1299 ex
1461 1266 1519 1299 eo
1562 1251 1736 1312 vincla,

71 1323 201 1372 inditi
231 1322 458 1371 custodes
486 1329 533 1370 et
558 1322 672 1384 lege
698 1321 844 1386 Papia
872 1320 1103 1385 Poppaea
1129 1319 1571 1384 praemiis-inducti,
1597 1327 1663 1382 ut,
1695 1319 1736 1367 si

69 1408 96 1441 a
125 1391 393 1458 privilegiis
418 1399 666 1456 parentum
687 1397 975 1453 cessaretur,
1004 1389 1135 1438 velut
1159 1405 1335 1455 parens
1356 1390 1561 1438 omnium
1583 1403 1733 1454 popu·
1756 1407 1795 1440 10

69 1462 144 1511 lus
177 1462 394 1511 vacantia
432 1467 635 1509 teneret.
700 1459 787 1508 sed
839 1459 978 1508 altius
1022 1459 1338 1524 penetrabant
1381 1458 1646 1522 urbemque
1690 1465 1739 1507 et

71 1529 253 1581 Italiam
290 1538 338 1579 et
373 1529 500 1594 quod
539 1544 738 1594 usquam
774 1530 946 1578 civium
988 1530 1343 1593 corripuerant,
1390 1529 1738 1592 multorumque

71 1601 223 1650 excisi
259 1607 424 1650 status.
490 1607 538 1648 et
581 1607 745 1648 terror
792 1598 1009 1647 omnibus
1048 1598 1394 1661 intentabatur,
1432 1599 1479 1646 ni
1517 1597 1738 1646 Tiberius

69 1669 320 1719 statuendo
347 1669 562 1718 remedio
590 1670 800 1732 quinque
844 1668 1194 1730 consularium,
1233 1669 1440 1732 quinque
1481 1683 1509 1715 e
1545 1674 1736 1731 praeto-

69 1741 170 1803 riiS,
196 1738 392 1788 totidem
414 1754 441 1787 e
476 1746 642 1787 cetero
671 1745 836 1786 senatu
861 1745 993 1786 sorte
1022 1737 1252 1799 duxisset,
1281 1736 1408 1801 apud
1439 1751 1560 1800 quos
1590 1750 1730 1785 exso·
1755 1752 1794 1783 15

74 1807 155 1858 luti
179 1808 397 1873 plerique
439 1808 564 1871 legis
604 1823 757 1856 nexus
791 1807 1028 1856 modicum
1062 1808 1109 1854 in
1146 1822 1379 1871 praesens
1419 1806 1738 1855 levamentum

71 1879 223 1927 fuere.

177 1947 259 1996 29.
299 1945 393 1994 Per
418 1945 542 1994 idem
568 1953 755 2010 tempus
779 1945 1023 1995 Neronem
1049 1960 1076 1992 e
1114 1944 1282 1993 liberis
1312 1943 1607 2006 Germanici,
1648 1945 1737 1992 iam

71 2018 342 2079 ingressum
375 2016 640 2077 iuventam,
680 2015 1032 2064 commendavit
1067 2013 1306 2078 patribus,
1351 2021 1496 2077 utque
1542 2027 1737 2060 munere

73 2085 360 2150 capessendi
387 2085 735 2147 vigintiviratus
764 2084 1035 2133 solveretur
1063 2090 1112 2131 et
1153 2083 1474 2146 quinquennio
1512 2082 1737 2129 maturius

68 2170 211 2220 quam
241 2169 330 2218 per
355 2154 495 2217 leges
523 2162 825 2218 quaesturam
856 2160 1071 2218 peteret,
1109 2167 1205 2201 non
1241 2153 1343 2201 sine
1368 2152 1514 2199 inrisu
1543 2150 1736 2198 audien·

57 2226 184 2273 „tium
210 2223 484 2288 postulavit.
538 2222 885 2288 praetendebat
905 2222 997 2271 sibi
1019 2230 1160 2286 atque
1182 2221 1315 2270 fratri
1345 2220 1539 2270 decreta
1568 2220 1735 2268 eadem
1756 2228 1776 2260 5

66 2301 267 2358 petente
307 2292 542 2356 Augusto.
606 2293 692 2341 sed
737 2308 893 2356 neque
937 2299 1033 2340 tum
1075 2293 1224 2341 fuisse
1263 2290 1600 2351 dubitaverim,
1657 2290 1737 2353 qui

66 2364 176 2412 -eius
209 2362 336 2411 modi
371 2377 547 2426 preces
582 2362 761 2411 occulti
799 2361 1092 2411 inluderent:
1132 2376 1188 2409 ac
1221 2367 1378 2409 tamen
1403 2360 1532 2407 initia
1558 2359 1737 2421 fastigii

67 2431 363 2482 ‘Caesaribus
387 2439 523 2480 erant
547 2433 797 2495 magisque
827 2433 875 2478 in
899 2430 1053 2480 oculis
1077 2438 1215 2479 vetus
1246 2445 1377 2491 mos,
1417 2436 1464 2476 et
1501 2428 1737 2491 privignis

68 2517 180 2550 <cum
203 2502 375 2549 vitrico
401 2501 558 2549 levior
581 2501 892 2549 necessitudo
918 2515 1056 2564 quam
1087 2515 1178 2550 avo
1211 2500 1466 2549 adversum
1493 2504 1733 2560 nepotem.

68 2569 258 2619 additur
301 2570 607 2635 pontificatus
654 2576 701 2617 et
743 2583 837 2632 quo
886 2572 1085 2633 primum
1133 2569 1210 2618 die
1264 2569 1419 2617 forum
1481 2568 1732 2627 ingressus
1751 2572 1794 2605 10

70 2646 150 2687 est
195 2640 491 2702 congiarium
548 2637 683 2702 plebi
732 2637 980 2686 admodum
1038 2639 1223 2698 laetae,
1290 2635 1416 2699 quod
1468 2633 1739 2683 Germanici

71 2709 271 2772 stirpem
304 2709 396 2757 iam
435 2707 665 2773 puberem
702 2707 985 2771 aspiciebat.
1063 2714 1247 2754 auctum
1294 2704 1467 2752 dehinc
1515 2703 1738 2764 gaudium

75 2777 250 2840 nuptiis
285 2777 493 2826 Neronis
531 2783 580 2825 et
605 2775 755 2825 Iuliae
788 2775 930 2824 Drusi
968 2775 1111 2823 filiae.
1173 2783 1317 2837 utque
1361 2772 1498 2820 haec'
1522 2771 1735 2821 secundo

77 2859 293 2908 rumore,
332 2848 397 2895 ita
436 2845 653 2895 adversis
692 2846 859 2893 animis
905 2852 1182 2908 acceptum,
1237 2842 1364 2906 quod
1412 2842 1510 2889 filio
1553 2840 1737 2891 Claudii

78 2926 220 2962 socer
260 2916 460 2964 Seianus
510 2914 842 2963 destinaretur.
914 2913 1146 2978 polluisse
1189 2911 1485 2960 nobilitatem
1527 2910 1736 2960 familiae
1755 2916 1795 2948 15
