1976 3224
236 156 340 207 208
664 167 940 206 CORNELII
967 168 1163 207 TACITI
1194 170 1501 210 ANNALIUM

200 295 367 360 5quod
396 301 442 342 et
479 310 686 359 pugnam
711 311 851 345 manu
883 299 1113 362 capessiit
1149 307 1196 347 et
1235 314 1445 364 corpore
1485 300 1692 350 adverso
1721 301 1921 352 vulnera

240 365 450 430 excepit.
506 372 718 414 ceterum
746 366 805 415 ad
832 366 1038 415 classem
1063 369 1110 416 in
1140 367 1361 417 Danuvio
1390 371 1726 450 opperientem
1758 371 1919 435 perfu-

237 437 332 499 git;
371 437 524 483 secuti
562 450 674 484 mox
704 436 904 486 clientes
944 445 992 485 et
1021 439 1239 502 acceptis
1274 440 1405 502 agris
1431 440 1478 488 in
1503 439 1747 490 Pannonia
1774 441 1921 491 locati

239 512 361 554 sunt.
411 521 614 577 regnum
634 507 826 570 Vangio
853 523 912 556 ac
936 507 1051 557 Sido
1078 509 1203 556 inter
1229 524 1283 557 se
1309 510 1580 573 partivere,
1611 511 1814 574 egregia
1839 510 1919 560 ad-

238 590 410 624 versus
447 590 538 625 nos
580 576 701 639 fide,
741 576 999 641 subiectiS,
1047 593 1199 627 suone
1235 594 1294 628 an
1330 579 1514 628 servitii
1550 580 1776 644 ingenio,
1814 580 1922 630 dum

181 658 221 691 10
239 644 627 710 adipiscerentur
655 646 1020 710 dominationis,
1065 648 1209 697 multa
1238 650 1464 712 caritate,
1503 656 1551 698 et
1576 651 1759 700 maiore
1787 651 1920 713 odio,

237 722 494 781 postquam
522 716 683 781 adepti
713 725 836 766 sunt.
1505 746 1508 748 -

345 786 430 836 31.
467 786 533 835 At
571 789 617 834 in
653 787 895 837 Britannia
937 788 988 837 P.
1029 787 1269 837 Ostorium
1304 804 1393 853 pro
1439 796 1665 854 praetore
1702 790 1920 840 turbidae

235 871 317 904 res
345 871 622 921 excepere,
663 858 825 906 effusis
855 860 900 906 in
928 874 1094 922 agrum
1127 860 1370 908 sociorum
1397 858 1620 908 hostibus
1646 874 1707 909 eo
1736 859 1919 909 violen-

236 927 356 989 tiuS,
411 926 540 991 quod
573 941 749 976 novum
787 927 956 976 ducem
992 930 1209 978 exercitu
1253 930 1422 992 ignoto
1463 936 1512 978 et
1550 937 1726 994 coepta
1762 929 1921 980 hieme

235 998 407 1045 iturum
443 997 633 1046 obviam
673 1013 768 1046 non
808 997 1051 1047 rebantur.
1118 998 1201 1047 ille
1236 1013 1421 1062 gnarus
1458 1000 1624 1063 primis
1666 1000 1921 1050 eventibus

198 1080 218 1110 5
236 1073 412 1115 metum
434 1075 512 1115 aut
541 1067 760 1117 fiduciam
784 1069 947 1132 gigni,
987 1071 1105 1117 citas
1133 1068 1366 1118 cohortes
1389 1070 1543 1133 rapit,
1576 1076 1624 1118 et
1650 1071 1808 1119 caesis
1840 1071 1920 1134 qui

235 1137 544 1201 restiterant,
583 1137 815 1186 disiectos
834 1145 1176 1199 consectatus,
1215 1154 1276 1187 ne
1311 1154 1476 1188 rursus
1505 1138 1920 1203 conglobarentur

234 1206 517 1271 infensaque
555 1215 602 1256 et
636 1207 779 1257 infida
819 1223 915 1273 pax
949 1223 1046 1258 non
1080 1208 1215 1272 duci,
1251 1223 1349 1258 non
1383 1209 1519 1258 militi
1556 1210 1774 1274 requiem
1811 1225 1919 1275 per-

236 1279 471 1340 mitteret,
520 1277 775 1327 detrahere
812 1293 940 1328 arma
991 1281 1233 1344 suspectis
1271 1286 1539 1344 cunctaque
1580 1281 1749 1329 castris
1787 1279 1919 1328 Avo-

236 1362 344 1396 nam
386 1346 518 1396 inter
558 1356 606 1397 et
642 1347 890 1397 Sabrinam
921 1348 1095 1398 fluvios
1133 1349 1366 1399 cohibere
1392 1357 1546 1414 parat.
1620 1349 1749 1414 quod
1782 1350 1921 1414 primi

179 1437 219 1470 10
235 1417 367 1476 Iceni
395 1416 633 1480 abnuere,
677 1419 833 1467 valida
860 1434 982 1482 gens
1009 1435 1102 1468 nec
1127 1420 1332 1485 proeliis
1359 1421 1576 1484 contusi,
1624 1419 1734 1484 quia
1762 1420 1918 1477 socie·

234 1495 381 1536 tatem
421 1496 634 1538 nostram
664 1488 888 1538 volentes
921 1498 1250 1539 accesserant.
1302 1490 1475 1554 hisque
1510 1489 1788 1540 auctoribus
1827 1491 1917 1539 cir-

237 1558 502 1608 cumiectae
530 1560 753 1608 nationes
779 1559 939 1608 locum
964 1574 1158 1624 pugnae
1182 1559 1446 1623 delegere,
1487 1568 1707 1625 saeptum
1734 1561 1918 1623 agresti

237 1642 423 1692 aggere
461 1636 509 1677 et
544 1629 672 1679 aditu
707 1637 940 1692 angusto,
978 1645 1039 1678 ne
1080 1631 1277 1694 pervius
1301 1630 1450 1693 equiti
1474 1630 1621 1679 foret.
1686 1645 1743 1678 ea
1768 1630 1916 1678 muni-

234 1706 394 1747 menta
430 1699 527 1747 dux
557 1700 829 1762 RomanuS,
875 1714 1158 1764 quamquam
1193 1699 1298 1748 sine
1333 1699 1515 1748 robore
1551 1698 1800 1762 legionum
1838 1713 1917 1748 so-

178 1783 218 1817 15
238 1768 387 1817 ciales
425 1769 595 1833 copias
632 1769 866 1831 ducebat,
905 1784 1220 1833 perrumpere
1258 1769 1538 1833 adgreditur
1577 1776 1626 1818 et
1654 1768 1918 1818 distributis

236 1837 518 1887 cohortibus
556 1846 733 1888 turmas
772 1854 965 1903 quoque
1001 1839 1211 1904 peditum
1243 1839 1302 1889 ad
1329 1841 1484 1889 munia
1523 1840 1750 1903 accingit.
1804 1847 1918 1888 tunc

235 1907 346 1957 dato
383 1910 524 1972 signo
563 1909 866 1974 perfringunt
902 1924 1136 1972 aggerem
1171 1911 1368 1975 suisque
1407 1909 1629 1959 claustris
1658 1909 1916 1975 impeditos

233 1978 440 2028 turbant.
491 1986 636 2044 atque
658 1980 728 2028 illi
750 1980 1048 2029 conscientia
1069 1979 1353 2030 rebellionis
1378 1987 1426 2029 et
1447 1979 1699 2045 obsaeptis
1721 1979 1915 2043 effugiis

234 2048 378 2097 multa
414 2056 462 2097 et
500 2049 630 2099 clara
672 2049 889 2099 facinora
925 2049 1121 2113 fecere,
1175 2065 1269 2115 qua
1304 2066 1465 2116 pugna
1501 2050 1626 2100 iilius
1666 2049 1816 2112 legati
1848 2049 1912 2099 M.

176 2138 218 2171 20
237 2118 456 2168 Ostorius
483 2121 660 2169 servati
686 2121 805 2169 civis
831 2119 981 2169 decus
1010 2121 1194 2169 meruit.

341 2188 425 2239 32.
466 2187 692 2239 Ceterum
728 2190 865 2239 clade
889 2189 1143 2239 Icenorum
1182 2190 1441 2255 compositi
1470 2190 1551 2255 qui
1586 2188 1765 2238 bellum
1789 2189 1915 2237 inter

235 2268 283 2308 et
314 2275 485 2323 pacem
512 2259 814 2318 dubitabant;
854 2267 902 2308 et
940 2259 1110 2309 ductus
1146 2261 1193 2309 in
1218 2261 1483 2324 Decangos
1522 2260 1782 2310 exercitus.
1831 2274 1911 2307 va·

235 2330 345 2378 stati
374 2332 506 2392 agri‘,
546 2330 759 2395 praedae
795 2331 975 2395 passim
999 2337 1163 2393 actae,
1208 2345 1304 2379 non
1331 2331 1457 2380 ausis
1493 2332 1646 2380 aciem
1672 2327 1911 2390 hostibus,

236 2399 313 2447 vel
355 2398 395 2446 si
431 2414 494 2447 ex
530 2400 726 2448 occulto
767 2415 970 2464 carpere
1003 2415 1176 2463 agmen
1214 2407 1533 2464 temptarent,
1571 2399 1735 2464 punito
1778 2397 1910 2447 dolo.

195 2470 426 2532 5iamque
461 2476 653 2518 ventum
690 2469 815 2518 haud
858 2469 1030 2534 procul
1078 2471 1194 2518 mari
1235 2469 1364 2534 quod
1399 2469 1676 2519 Hiberniam
1710 2467 1911 2517 insulam

237 2546 484 2603 aspectat,
518 2555 623 2588 cum
651 2547 786 2589 ortae
816 2538 942 2603 apud
967 2539 1221 2602 Brigantas
1249 2540 1520 2589 discordiae
1548 2546 1800 2588 retraxere
1828 2537 1911 2585 du-

237 2624 368 2671 cem,
410 2608 739 2659 destinationis
768 2616 974 2671 certum,
1015 2625 1075 2657 ne
1114 2624 1239 2660 nova
1274 2610 1522 2659 moliretur
1551 2609 1640 2658 nisi
1665 2606 1911 2671 prioribus

235 2680 447 2728 firmatis.
504 2687 551 2728 et
585 2680 838 2744 Brigantes
877 2679 1096 2744 quidem,
1137 2681 1304 2743 paucis
1341 2683 1420 2744 qui
1461 2694 1588 2729 arma
1617 2676 1910 2741 coeptabant

234 2749 528 2811 interfectis,
566 2752 612 2798 in
648 2751 864 2814 reliquos
903 2749 1010 2799 data
1044 2750 1207 2812 venia,
1245 2750 1503 2799 resedere:
1543 2748 1747 2796 Silurum
1783 2762 1907 2809 gens

179 2831 218 2863 10
234 2832 330 2866 non
356 2820 636 2883 atrocitate,
677 2835 772 2869 non
809 2819 1061 2868 clementia
1088 2820 1379 2882 mutabatur,
1417 2820 1528 2883 quin
1558 2816 1736 2866 bellum
1765 2831 1904 2865 exer-

237 2895 370 2936 ceret
396 2889 661 2955 castrisque
690 2890 936 2953 legionum
963 2889 1222 2955 premenda
1248 2890 1392 2938 foret.
1444 2888 1489 2936 id
1515 2902 1609 2952 quo
1637 2887 1905 2952 promptius
