1976 3224
605 180 779 217 mmm
804 180 886 217 111.
917 179 1042 218 CAP.
1064 178 1262 221 53—56.
1682 168 1779 219 103

110 309 374 373 sumptibus
404 308 606 356 exerciti
632 308 855 372 paulatim
885 307 1166 355 exolevere.
1222 321 1393 355 causas
1429 307 1532 355 eius
1560 310 1779 357 mutatio-

58 389 67 394 “
112 381 184 427 nis
212 393 447 442 quaerere
475 377 609 425 libet.
659 377 781 429 dites
818 376 928 425 olim
968 377 1179 424 familiae
1214 376 1443 424 nobilium
1482 385 1561 425 aut
1589 377 1816 427 clarita-5

113 450 222 497 dine
247 449 460 510 insignes
493 446 647 495 studio
676 445 1057 509 magnificentiae
1082 445 1477 510 prolabebantur.
1510 461 1617 494 nam
1641 448 1781 496 etiam

111 526 207 566 tum
234 517 430 581 plebem
467 517 631 564 socios
668 530 818 578 regna
855 515 1021 563 colere
1051 523 1098 563 et
1128 515 1223 564 coli
1249 515 1454 572 licitum;
1495 523 1545 563 ut
1577 518 1780 580 quisque

113 587 288 651 opibus
317 586 459 634 domo
494 593 663 649 paratu
700 585 983 649 speciosuS,
1017 599 1107 648 per
1140 599 1313 632 nomen
1351 592 1399 632 et
1435 584 1686 634 clientelas
1713 587 1780 634 in-

115 657 308 704 lustrior
343 654 625 703 habebatur.
675 662 931 718 postquam
967 653 1195 702 caedibus
1247 654 1479 701 saevitum
1521 661 1567 702 et
1602 655 1780 718 magni-

111 725 226 773 tudo
252 725 406 772 famae
438 724 585 771 exitio
610 731 740 785 erat,
769 724 919 771 ceteri
947 722 1006 771 ad
1032 723 1328 787 sapientiora
1357 731 1662 772 convertere.
1717 725 1776 773 si·
1800 731 1840 764 ¹⁰

0 799 3 802 ’
35 851 39 856 ¹
108 784 205 841 mul
241 794 352 841 novi
387 793 604 841 homines
643 808 669 840 e
695 792 963 856 municipiis
1002 800 1048 840 et
1080 793 1283 841 coloniis
1312 800 1456 855 atque
1491 794 1633 840 etiam
1668 808 1780 857 pro·

112 863 280 910 vinciis
306 863 352 909 in
380 869 596 910 senatum
633 862 808 910 crebro
838 861 1072 924 adsumpti
1108 862 1419 910 domesticam
1447 863 1782 925 parsimoniam

113 932 395 993 intulerunt,
437 939 485 979 et
523 946 805 995 quamquam
840 930 1029 978 fortuna
1063 930 1144 978 vel
1180 930 1409 978 industria
1444 930 1666 995 plerique
1697 947 1782 996 pe-

115 1002 355 1049 cuniosam
383 1000 441 1048 ad
467 1008 713 1048 senectam
739 1001 1075 1064 pervenirent,
1114 1000 1282 1047 mansit
1320 1007 1476 1047 tamen
1516 1002 1649 1063 prior
1685 1001 1782 1049 ani-

112 1086 230 1118 mus.
277 1070 364 1117 sed
391 1071 679 1132 praecipuus
708 1070 922 1117 adstricti
948 1070 1092 1116 moris
1121 1077 1290 1117 auctor
1311 1068 1639 1132 Vespasianus
1677 1069 1780 1131 fuit,
1801 1077 1840 1109 15

107 1139 307 1202 antiquo
333 1139 440 1201 ipse
469 1138 597 1186 cultu
618 1139 860 1202 victuque.
919 1137 1205 1201 obsequium
1230 1137 1340 1186 inde
1366 1139 1411 1185 in
1443 1140 1708 1203 principem
1737 1147 1785 1187 et

114 1207 379 1256 aemulandi
415 1221 549 1255 amor
578 1207 783 1255 validior
820 1221 958 1271 quam
1000 1221 1157 1270 poena
1195 1222 1256 1255 ex
1295 1207 1488 1269 legibus
1528 1215 1575 1256 et
1610 1215 1782 1256 metus.

113 1277 203 1324 nisi
231 1277 359 1324 forte
389 1276 536 1324 rebus
566 1278 749 1325 cunctis
776 1278 902 1324 inest
929 1275 1117 1340 quidam
1138 1276 1272 1324 velut
1294 1275 1442 1337 orbiS,
1474 1284 1524 1324 ut
1556 1292 1696 1341 quem
1727 1278 1787 1326 ad

112 1346 302 1394 modum
342 1353 612 1409 temporum
648 1347 811 1407 vices,
851 1346 914 1393 ita
956 1359 1138 1393 morum
1181 1353 1455 1402 vertantur;
1500 1361 1592 1393 nec
1630 1347 1787 1394 omnia

103 1414 240 1479 apud
267 1416 458 1477 priores
485 1415 714 1477 meliora,
753 1415 839 1463 sed
878 1422 1041 1462 nostra
1066 1429 1259 1478 quoque
1290 1422 1424 1462 aetas
1459 1415 1602 1463 multa
1632 1415 1783 1463 laudis
1802 1423 1844 1455 20

113 1491 162 1531 et
199 1484 363 1531 artium
402 1484 622 1532 imitanda
659 1485 869 1547 posteris
907 1484 1026 1532 tulit.
1088 1499 1252 1535 uerum
1289 1484 1411 1531 haec
1447 1484 1588 1531 nobis
1613 1484 1667 1533 in
1691 1499 1784 1532 ma-

112 1554 244 1601 iores
273 1554 532 1601 certamina
565 1569 627 1600 ex
654 1554 859 1602 honesto
877 1560 1122 1615 maneant.

215 1622 298 1672 56.
346 1621 568 1670 Tiberius
603 1622 726 1671 fama
766 1622 1110 1670 moderationis
1146 1629 1311 1686 parta,
1359 1622 1487 1684 quod
1523 1623 1786 1685 ingruentis

116 1699 428 1739 accusatores
466 1699 802 1755 represserat,
837 1692 976 1739 mittit
1003 1692 1168 1740 literas
1197 1691 1255 1739 ad
1284 1698 1525 1752 senatum,
1565 1693 1670 1755 quis
1697 1707 1783 1755 po-

113 1766 335 1808 testatem
362 1760 659 1808 tribuniciam
687 1760 847 1809 Druso
878 1760 1089 1824 petebat.
1147 1761 1193 1809 id
1229 1760 1395 1808 summi
1433 1760 1611 1823 fastigii
1637 1775 1782 1809 voca-

107 1828 274 1876 ‘bulum
303 1829 546 1891 Augustus
577 1831 820 1893 repperit,
857 1844 918 1876 ne
951 1832 1082 1892 regis
1117 1837 1194 1877 aut
1230 1829 1477 1878 dictatoris
1504 1844 1677 1877 nomen
1704 1830 1784 1879 ad-

115 1905 328 1944 sumeret
357 1913 414 1945 ac
440 1905 598 1945 tamen
624 1899 954 1961 appellatione
986 1899 1146 1962 aliqua
1172 1905 1335 1946 cetera
1356 1899 1558 1961 imperia
1581 1899 1782 1962 praemi·
1803 1911 1822 1941 5

107 1973 268 2013 neret.
321 1965 531 2013 Marcum
562 1966 734 2014 deinde
762 1966 1025 2030 Agrippam
1054 1968 1237 2015 socium
1260 1968 1363 2014 eius
1385 1969 1659 2030 potestatis,
1689 1982 1784 2031 quo

116 2034 341 2083 defuncto
373 2034 614 2083 Tiberium
644 2035 886 2083 Neronem
914 2036 1114 2098 delegit,
1151 2051 1211 2083 ne
1239 2050 1499 2083 successor
1526 2037 1572 2082 in
1599 2037 1784 2084 incerto

116 2104 258 2153 foret.
315 2105 385 2151 sic
426 2104 642 2152 cohiberi
682 2119 854 2167 pravas
887 2100 1086 2153 alibrum
1125 2120 1239 2167 spes
1265 2104 1484 2160 rebatur;
1520 2105 1657 2152 simul
1685 2119 1783 2152 mo-

109 2173 300 2220 destiae
329 2172 534 2220 Neronis
563 2181 608 2220 et
639 2188 755 2221 suae
784 2174 1090 2235 magnitudini
1119 2173 1310 2221 fidebat.
1363 2187 1455 2236 quo
1483 2181 1594 2221 tunc
1624 2189 1784 2222 exem-

108 2241 198 2305 plo
228 2241 448 2289 Tiberius
470 2241 675 2289 Drusum
697 2257 906 2290 summae
931 2244 1002 2291 rei
1027 2242 1252 2303 admovit,
1281 2257 1385 2290 cum
1411 2243 1636 2291 incolumi
1663 2242 1778 2292 Ger·
1804 2252 1843 2284 10

108 2312 301 2358 -manico
337 2312 573 2373 integrum
617 2313 741 2359 inter
777 2311 1155 2360 duos‘iudicium
1188 2313 1435 2359 tenuisset.
1486 2313 1572 2361 sed
1611 2314 1783 2376 princi-

108 2380 195 2442 ·pio
232 2379 475 2427 literarum
512 2388 770 2428 veneratus
805 2380 953 2442 deos,
994 2388 1045 2428 ut
1083 2381 1282 2429 consilia
1322 2396 1406 2429 sua
1448 2383 1518 2429 rei
1557 2382 1782 2444 publicae

110 2457 488 2512 prosperarent,
526 2450 713 2497 modica
751 2449 810 2497 de
838 2449 1050 2498 moribus
1075 2450 1399 2498 adulescentis
1426 2465 1584 2512 neque
1623 2451 1668 2496 in
1695 2450 1781 2497 fal-

117 2531 218 2564 sum
254 2524 391 2565 aucta
428 2518 624 2565 rettulit.
683 2533 794 2566 esse
828 2518 897 2566 illi
935 2520 1188 2580 coniugem
1216 2526 1262 2566 et
1300 2526 1400 2566 tres
1443 2519 1626 2566 liberos
1657 2532 1781 2565 eam-

112 2599 210 2648 que
236 2593 459 2646 aetatem,
493 2601 582 2649 qua
611 2587 717 2649 ipse
743 2587 978 2649 quondam
1000 2602 1024 2634 a
1053 2587 1161 2634 divo
1187 2587 1408 2648 Augusto
1436 2587 1492 2634 ad
1520 2601 1778 2649 capessen-
1802 2597 1839 2629 15

118 2653 226 2701 dum
259 2655 353 2702 hoc
388 2670 554 2702 munus
594 2662 795 2703 vocatus
838 2656 911 2715 sit.
970 2670 1127 2718 neque
1156 2670 1279 2701 nunc
1307 2668 1548 2717 propere,
1577 2655 1661 2702 sed
1693 2670 1783 2718 per

120 2730 231 2770 octo
260 2738 407 2771 annos
430 2731 571 2786 capto
595 2724 944 2786 experimento,
974 2724 1267 2785 compressis
1289 2723 1623 2783 seditionibus,
1654 2737 1781 2772 com-

114 2792 290 2852 positis
312 2791 481 2853 hellis,
519 2791 851 2855 triumphalem
892 2800 937 2839 et
965 2791 1036 2839 bis
1066 2791 1312 2839 consulem
1341 2793 1440 2839 noti
1466 2791 1647 2840 laboris
1675 2807 1781 2855 par-

117 2857 317 2922 ticipem
344 2864 475 2908 sumi.
