1976 3224
207 166 304 216 164
647 175 923 214 CORNELII
943 174 1139 213 ΤΑΟΙΤΙ
1158 175 1468 214 ANNALIUM

163 306 396 354 snionem
423 318 520 352 non
553 304 686 353 initia
721 306 902 367 nostri,
940 318 1036 352 non
1073 305 1240 366 finem,
1277 317 1373 351 non
1413 302 1622 367 denique
1660 303 1878 353 homines

143 384 151 393 ⁴
202 375 275 424 dis
305 389 476 429 curae:
507 373 618 422 ideo
644 373 940 423 creberrime
965 375 1116 423 tristia
1142 375 1190 421 in
1215 373 1401 436 bonOS,
1438 373 1565 422 laeta
1593 373 1720 438 apud
1744 374 1878 424 dete-

199 447 360 494 riores
388 458 516 492 esse.
577 451 745 493 contra
771 443 852 492 alii
882 444 1030 494 fatum
1066 442 1257 508 quidem
1294 457 1570 506 congruere
1606 443 1755 494 rebus
1780 459 1879 510 vpu·

198 522 315 578 tant,
341 513 429 562 sed
457 528 608 572 none
635 515 774 577 vagis
805 514 986 578 stelliS,
1022 529 1190 562 verum
1230 513 1356 578 apud
1392 513 1631 579 principia
1653 521 1702 563 et
1725 529 1880 564 nexus

199 584 483 634 naturalium
521 598 798 640 causarum;
851 599 907 632 ac
944 592 1103 632 tamen
1139 583 1430 632 electionem
1466 585 1595 632 vitae
1628 583 1767 633 nobis
1803 599 1880 633 re-

142 673 184 707 10
200 654 447 718 linquunt,
483 668 623 716 quam
653 653 733 702 ubi
764 654 1008 717 elegeris,
1049 661 1233 702 certum
1268 655 1605 702 imminentium
1644 654 1878 707 ordinem.

199 739 357 789 neque
399 723 524 771 mala
562 723 643 771 vel
679 723 805 772 bona
840 739 965 787 quae
1000 723 1176 787 vulgus
1211 731 1372 788 putet:
1418 723 1619 786 multOS,
1658 725 1739 789 qui
1767 738 1879 774 con-

199 794 373 843 flictari
402 792 623 841 adversis
651 793 925 857 videantur,
967 793 1165 857 beatos,
1210 802 1256 843 at
1297 793 1562 858 plerosque
1599 809 1881 859 quamquam

198 878 399 927 magnas
428 878 516 928 per
544 878 667 928 opes
708 865 1032 927 miserrimOS,
1072 864 1111 911 si
1149 863 1218 912 illi
1255 871 1454 926 gravem
1491 861 1744 912 fortunam'
1768 879 1879 914 con·

201 941 382 983 stanter
419 932 655 997 tolerent,
703 932 751 982 hi
798 948 1037 999 prospera
1085 933 1356 982 inconsulte
1401 940 1605 984 utantur.
1667 942 1881 983 ceterum

143 1026 184 1059 15
200 1003 416 1069 plurimis
454 1002 724 1051 mortalium
760 1018 856 1052 non
898 1004 1118 1052 eximitur
1157 1005 1268 1067 quin
1303 1005 1456 1069 primo
1494 1004 1726 1069 cuiusque
1775 1012 1881 1055 ortu

199 1081 401 1122 ventura
429 1072 742 1135 destinentur,
776 1072 862 1121 sed
891 1073 1123 1137 quaedam
1153 1088 1296 1122 secus
1331 1087 1471 1137 quam
1509 1073 1635 1123 dicta
1670 1075 1764 1123 sint
1803 1088 1880 1123 ca·

200 1143 344 1204 dere,
383 1142 592 1191 fallaciis
632 1144 803 1206 ignara
839 1142 1124 1192 dicentium:
1174 1145 1238 1193 ita
1275 1145 1518 1208 corrumpi
1560 1143 1702 1193 fidem
1744 1145 1880 1207 artis,

200 1214 335 1262 cuius
386 1212 516 1261 clara
565 1213 851 1275 documenta
901 1221 949 1262 et
993 1214 1183 1278 antiqua
1226 1221 1359 1263 aetas
1403 1220 1452 1262 et
1491 1221 1658 1264 nostra
1698 1213 1880 1264 tulerit.

200 1284 383 1348 quippe
422 1298 449 1331 a
489 1282 586 1331 lilio
629 1283 843 1332 eiusdem
882 1283 1123 1332 Thrasulli
1159 1284 1455 1349 praedictum
1485 1283 1699 1339 Neronis
1731 1286 1879 1350 impe-

141 1375 183 1408 20
200 1355 321 1402 rium
366 1354 413 1400 in
457 1360 681 1417 tempore
736 1353 1103 1418 memorabitur,
1162 1370 1221 1403 ne
1266 1369 1390 1403 nunc
1439 1354 1633 1420 incepto
1688 1355 1880 1419 longius

202 1422 419 1472 abierim.

141 1497 195 1543 23
305 1493 390 1543 29.
433 1490 593 1540 Isdem
619 1493 896 1543 consulibus
933 1494 1090 1544 Asinii
1128 1492 1252 1543 Galli
1288 1507 1418 1542 mors
1455 1494 1702 1559 vulgatur,
1739 1509 1881 1559 quem

201 1569 421 1626 egestate
457 1562 551 1610 cibi
588 1572 888 1628 peremptum
926 1564 1052 1614 haud
1091 1563 1306 1627 dubium,
1342 1571 1516 1629 sponte
1551 1565 1632 1613 vel
1665 1567 1878 1614 necessi·

199 1641 324 1696 tate,
366 1633 600 1681 incertum
634 1633 916 1684 habebatur.
983 1634 1329 1698 consultusque
1369 1632 1550 1683 Caesar
1583 1650 1643 1683 an
1678 1635 1881 1700 sepeliri

200 1704 399 1764 sineret,
428 1717 525 1750 non
554 1702 743 1751 erubuit
771 1706 1048 1768 permittere
1074 1704 1296 1769 ultroque
1332 1705 1555 1753 incusare
1592 1719 1761 1767 casus,
1800 1705 1881 1769 qui

161 1787 334 1828 5reum
370 1771 711 1835 abstulissent,
748 1782 1000 1839 antequam
1039 1789 1202 1823 coram
1242 1775 1641 1824 convinceretur:
1690 1775 1882 1824 scilicet

199 1842 359 1891 medio
384 1843 591 1891 triennio
626 1842 847 1893 defuerat
879 1852 1066 1910 tempus
1104 1843 1338 1893 subeundi
1375 1844 1598 1894 iudicium
1638 1845 1882 1895 consulari

199 1912 330 1976 seni,
370 1918 442 1960 tot
481 1913 805 1961 consularium
840 1917 1043 1978 parenti.
1111 1914 1296 1963 Drusus
1331 1913 1879 1979 deindeexstinguitur,

201 1998 306 2031 cum
348 1997 402 2030 se
445 1983 731 2032 miserandis
770 1984 1034 2048 alimentis,
1085 1984 1352 2034 mandendo
1401 2000 1428 2033 e
1470 1984 1614 2034 cubili
1646 1992 1878 2047 toment0,

199 2067 377 2102 nonum
410 2051 469 2101 ad
502 2053 627 2102 diem
661 2054 964 2104 detinuisset.
1024 2055 1267 2104 tradidere
1308 2053 1496 2120 quidam
1524 2056 1878 2120 praescriptum

143 2145 182 2177 10
199 2123 352 2171 fuisse
382 2122 630 2187 Macroni,
669 2125 708 2172 si
734 2139 866 2174 arma
902 2125 960 2175 ab
998 2126 1173 2174 Seiano
1215 2132 1583 2190 temptarentur,
1613 2133 1879 2174 extractum

201 2192 451 2241 custodiae
487 2194 708 2243 iuvenem
747 2196 882 2260 (nam
915 2197 963 2244 in
1001 2196 1183 2245 Palatio
1221 2194 1536 2259 attinebatur)
1583 2195 1754 2244 ducem
1793 2209 1877 2260 po·

198 2262 314 2326 pulo
355 2264 625 2326 imponere.
687 2278 826 2329 mox,
878 2267 986 2330 quia
1034 2280 1195 2314 rumor
1234 2265 1489 2314 incedebat
1522 2266 1630 2315 fore
1672 2273 1722 2314 ut
1759 2281 1879 2314 nuru

199 2347 256 2380 ac
288 2333 456 2397 nepoti
482 2334 824 2383 conciliaretur
852 2333 1060 2398 Caesar,
1094 2337 1341 2385 saevitiam
1370 2350 1511 2399 quam
1538 2336 1878 2399 paenitentiam

197 2401 378 2450 maluit.

138 2479 195 2525 24
306 2472 390 2522 30.
442 2473 565 2534 Quin
609 2481 655 2522 et
699 2475 922 2523 invectus
972 2475 1019 2522 in
1073 2474 1347 2524 defunctum
1407 2474 1587 2540 probra
1637 2475 1873 2539 corporis,

200 2541 495 2592 exitiabilem
533 2544 580 2596 in
619 2558 759 2607 suoS,
797 2544 1033 2593 infensum
1068 2546 1140 2593 rei
1181 2544 1407 2610 publicae
1450 2547 1652 2594 animum
1695 2543 1876 2594 obiecit

197 2613 492 2677 recitarique
540 2613 779 2663 factorum
820 2614 1151 2680 dictorumque
1200 2615 1302 2664 eius
1349 2615 1594 2680 descripta
1636 2630 1726 2680 per
1771 2614 1874 2664 dies

196 2683 351 2742 iussit,
381 2698 475 2747 quo
504 2698 600 2732 non
627 2684 754 2733 aliud
781 2687 991 2734 atrocius
1018 2688 1197 2734 visum:
1248 2685 1488 2735 adstitisse
1514 2693 1585 2734 tot
1612 2699 1702 2750 per
1723 2699 1873 2735 annos

159 2772 179 2804 5
199 2753 277 2814 qui
309 2752 514 2816 vultum,
546 2756 781 2818 gemitus,
815 2756 1058 2804 occultum
1087 2757 1228 2804 etiam
1253 2771 1461 2805 murmur
1488 2755 1797 2820 exciperent,
1827 2762 1877 2804 et

198 2823 415 2884 potuisse
443 2839 582 2872 avum
609 2824 788 2888 audire,
817 2825 1001 2890 legere,
1031 2828 1076 2874 in
1104 2825 1344 2891 publicum
1377 2840 1600 2891 promere
1628 2826 1708 2874 vix
1734 2825 1871 2890 fides,

196 2891 286 2937 nisi
333 2891 461 2955 quod
503 2893 619 2942 Attii
667 2897 960 2944 centurionis
1005 2903 1051 2944 et
1080 2895 1269 2956 Didymi
1306 2896 1466 2945 liberti
1502 2895 1739 2960 epistulae
1773 2911 1872 2945 ser-
