1982 3216
582 200 1035 240 COMMENTARIUS
1076 199 1356 239 ORITICUS.
1740 196 1817 235 XV
1838 214 1843 218 ·

18 378 23 386 ,
106 333 346 380 statuenda
373 332 429 378 ob
453 333 664 378 ultionem
683 314 964 390 perfeetem‚
1008 348 1047 377 v.
1079 339 1100 379 1
1117 367 1130 388 ,
1159 336 1214 379 14
1239 345 1318 377 ara
1345 328 1638 389 adoptionis,
1672 334 1726 386 4,
1763 333 1819 376 74

109 418 188 449 ara
215 402 517 459 clementiae,
546 415 627 447 ara
658 401 917 458 amicitiae,
955 400 1077 446 Suet.
1107 401 1201 447 Cal.
1239 405 1267 448 8
1295 399 1421 445 addit
1451 398 1587 444 etiam
1624 412 1708 457 pro
1743 412 1817 443 ar—

109 476 328 529 gumento
350 485 454 516 aras
482 471 547 515 ibi
575 470 758 517 ostendi
785 470 1033 529 inscriptas
1054 467 1142 515 ‘ob
1162 469 1451 528 Agrippinae
1472 467 1816 527 puerperium'.

257 537 319 586 19
336 574 350 597 ,
386 544 416 587 4
442 540 488 584 in
515 540 784 585 ulciscenda
809 539 928 584 Hm.-
955 539 1223 584 ulciscenda
1241 573 1255 596 ,
1293 538 1414 596 quod
1447 536 1699 595 defendunt
1725 538 1817 581 loeo

111 610 317 654 dissimili
351 613 432 666 14,
466 613 495 655 4
536 605 543 668 Ι
587 613 613 658 7
653 608 842 666 audire,
881 609 963 653 sed
999 611 1044 652 in
1075 623 1222 667 marq.
1259 607 1436 654 audita:
1479 619 1595 664 quae
1633 618 1817 663 quoquo

121 679 256 724 modo
277 677 468 723 audiere
497 679 560 723 W

252 743 347 803 20,
386 752 410 793 1
437 746 595 805 priore
634 751 813 792 aestate
850 747 898 793 N
922 748 1027 792 inel-
1064 741 1070 810 Ι
1104 753 1154 794 11
1185 751 1402 806 exceptat
1427 747 1522 791 Jul.
1548 743 1702 789 Held:
1739 757 1819 788 ex-

114 812 245 875 cep'ta
278 809 286 879 Ι
319 821 375 864 13
405 816 618 861 desertus
646 830 671 861 a
698 815 795 860 suis
825 816 1100 874 Wesenberg]
1125 829 1208 860 em.
1233 816 1323 862 Cic.
1345 817 1475 874 epist.
1494 829 1549 873 p.
1573 815 1634 858 92
1656 818 1745 857 not.
1774 817 1816 858 2.

253 880 348 942 21,
385 889 412 933 6
449 885 643 944 amplius
689 898 820 942 quam
863 886 1104 943 quingenti
1140 886 1244 931 ''Wx
1290 885 1484 944 amplius
1524 896 1656 942 quam
1691 882 1848 943 genti·

116 951 274 1015 (quam
307 958 374 998 est
404 955 453 998 in
486 959 690 999 extremo
725 951 914 1014 vers-u);
961 956 1154 1013 amplius
1191 954 1430 1012 quingenti
1467 953 1595 1011 vulyo
1628 947 1635 1012 Ι
1668 955 1724 998 16
1751 951 1819 995 ἰη-

114 1024 381 1082 ligatusque
405 1023 470 1078 P,
503 1029 551 1068 et
568 1023 794 1081 inligatus
823 1023 898 1068 He

257 1087 351 1149 22,
387 1098 416 1141 3
441 1092 636 1146 Quirino
664 1097 707 1137 et
728 1106 837 1138 mox
858 1091 1077 1147 Quirinus
1098 1093 1263 1151 Ryelc:
1287 1098 1334 1137 αι
1359 1107 1400 1137 υ.
1421 1091 1563 1150 Nipp.
1588 1092 1652 1135 ad
1673 1095 1717 1148 2,
1738 1085 1817 1153 3οΙ

118 1168 171 1211 11
199 1160 408 1206 reicere:
436 1161 628 1207 reticeri
653 1164 716 1216 A,
743 1163 927 1208 nescire
955 1162 1006 1207 N
1013 1181 1029 1213 ,·
1055 1178 1095 1208 v.
1122 1162 1375 1207 Pelei-senii
1399 1161 1506 1206 adn.
1533 1160 1596 1204 ad
1624 1160 1736 1205 Tae.
1761 1161 1818 1217 Π,

108 1236 172 1279 -25
199 1227 357 1290 (etiam
379 1233 428 1276 in
452 1231 524 1276 ed.
545 1230 748 1289 Ruperti
764 1229 854 1288 111,
882 1226 994 1290 651)
1015 1235 1058 1276 et
1079 1245 1162 1276 nos
1184 1234 1230 1276 in
1258 1231 1308 1275 Z.
1333 1231 1375 1290 f.
1397 1232 1467 1275 die
1486 1230 1818 1276 Alcertlzumsm.

261 1366 352 1426 23,
389 1374 419 1416 4
443 1369 788 1427 misericordia,
828 1382 909 1414 em.
934 1369 1000 1420 L,·
1035 1370 1090 1414 de
1124 1370 1354 1428 permovit
1386 1384 1425 1414 v.
1455 1377 1506 1426 1,
1538 1374 1618 1422 21;
1656 1374 1736 1425 16,
1767 1372 1822 1416 32

262 1434 357 1494 24,
396 1445 418 1486 1
452 1439 620 1484 etenim
643 1437 747 1483 Mr:
785 1439 965 1484 adenim
1008 1432 1017 1502 Ι
1062 1445 1108 1486 ll
1148 1439 1323 1484 tetendi
1350 1439 1418 1485 E.-
1455 1439 1581 1484 tendi
1617 1436 1818 1499 (intendi

119 1504 196 1567 H)
227 1499 234 1570 Ι
269 1511 324 1555 16
350 1507 508 1553 fratris
537 1507 681 1552 fretus
709 1508 918 1566 potentia
946 1509 1020 1552 Bz

261 1571 357 1633 26,
386 1581 415 1623 4
442 1581 656 1635 peterent
679 1578 720 1622 A
754 1582 796 1622 et
828 1578 870 1626 U
895 1571 901 1640 Ι
935 1582 962 1625 6
998 1577 1231 1622 incidebat
1259 1577 1533 1635 prouenire,
1577 1589 1662 1621 em.
1687 1577 1723 1620 L
1755 1571 1764 1640 Ι
1795 1581 1822 1625 9

125 1658 208 1690 eae
233 1644 353 1695 Hm.-
391 1659 446 1691 ae
473 1643 585 1704 (hae
610 1644 680 1707 v.)
716 1640 723 1708 Ι
757 1642 849 1704 27,
877 1651 931 1694 12
960 1646 1101 1691 otium
1128 1646 1171 1690 ei
1197 1646 1267 1691 rei
1295 1646 1339 1690 R

264 1710 358 1772 28,
394 1720 423 1764 8
449 1715 620 1760 artiora
648 1715 693 1760 P
721 1714 729 1775 Ι
761 1722 788 1765 9
814 1720 862 1760 ut
893 1715 934 1760 si
959 1715 1027 1759 L:
1062 1715 1151 1760 uisi

263 1779 356 1840 29,
393 1789 421 1830 4
456 1785 790 1843 quaesituram,
839 1797 924 1829 em.
963 1785 1011 1828 Ε
1048 1778 1056 1849 Ι
1098 1789 1123 1833 7
1161 1785 1335 1830 fastidii
1382 1784 1388 1844 Ι
1434 1790 1488 1834 16
1527 1785 1821 1842 uidebantur,

126 1863 207 1896 em.
236 1852 274 1897 G
304 1850 311 1911 Ι
344 1854 465 1899 ultro
490 1853 693 1899 Alciatus

267 1918 683 1977 31,2triennioN.·
705 1925 895 1969 biennio
928 1921 935 1982 Ι
968 1923 1254 1970 4conexisG
1284 1921 1291 1981 Ι
1327 1927 1381 1970 18
1395 1935 1448 1968 ea
1464 1924 1571 1969 add.
1586 1924 1822 1968 Ferretlus

266 1987 361 2046 34,
399 1994 428 2036 4
452 1991 589 2036 multa
625 2006 649 2035 e
676 1993 846 2036 duritie
872 1993 919 2036 E
938 1993 1154 2047 malebat,
1191 1993 1328 2038 multa
1358 2007 1381 2037 a
1409 1993 1505 2037 dur.
1533 1992 1591 2037 M
1609 1997 1651 2036 ec
1674 1993 1737 2042 A,·
1776 1996 1826 2035 at

127 2071 167 2102 v.
205 2061 259 2113 3,
299 2063 362 2186 235
395 2070 430 2102 s.
464 2058 501 2116 f.
545 2053 550 2122 Ι
593 2066 618 2107 5
651 2060 696 2104 in
735 2061 839 2108 add.
866 2061 918 2105 M
960 2055 967 2124 Ι
1010 2066 1037 2108 6
1063 2061 1278 2106 adsidere
1305 2062 1401 2105 He.-
1427 2062 1642 2106 absidere
1668 2059 1821 2121 (obsi-

128 2126 230 2171 deri
259 2142 299 2173 v.

268 2192 360 2253 35,
394 2202 422 2245 3
444 2195 517 2242 M'.
545 2197 584 2241 L
606 2203 649 2242 et
665 2198 913 2257 Boquesi:
938 2200 993 2244 M.
1028 2193 1034 2261 Ι
1068 2205 1095 2248 9
1120 2198 1299 2244 adiutus
1326 2204 1397 2243 est
1424 2199 1504 2243 W.·
1529 2199 1648 2244 haud
1674 2199 1820 2244 iustus

4 2299 8 2313 ,.
40 2320 42 2322 V
131 2268 201 2308 est
231 2263 375 2325 (haud
400 2265 522 2312 iutus
552 2272 623 2312 est
647 2269 684 2311 J
691 2264 768 2329 G).
821 2267 875 2312 Si
896 2271 1129 2326 neyatz’one
1158 2268 1338 2313 Tacitus
1362 2280 1472 2313 usus
1502 2272 1638 2324 esset,
1664 2269 1820 2312 saltem

129 2339 447 2392 exspectares,
492 2349 592 2380 eum
627 2339 906 2394 praesertim
950 2352 1098 2396 neque
1146 2337 1303 2382 eadem
1349 2338 1504 2382 adsev.
1546 2338 1821 2394 praecedat.-

130 2415 321 2459 neque
348 2416 575 2450 consensu
603 2406 720 2451 adul.
748 2406 869 2452 iutus
893 2413 974 2452 est.

269 2468 363 2529 37,
398 2478 423 2522 7
453 2474 877 2521 aedificationibus:
918 2474 1199 2520 editionibus
1224 2475 1287 2531 L,
1321 2476 1511 2521 ludicris
1539 2475 1819 2520 factionibus

129 2538 190 2606 R..
226 2540 448 2598 Seyffert,
501 2543 632 2589 daret
673 2544 953 2590 factionibus
995 2543 1180 2602 Berylc,
1236 2545 1568 2603 agitationibus
1624 2543 1817 2589 Urlichs.

132 2607 336 2655 Tacitum
362 2613 539 2655 nomine
572 2627 685 2656 raro
719 2619 762 2657 et
795 2616 966 2658 novicio
999 2625 1133 2657 usum
1167 2625 1264 2658 esse
1289 2626 1350 2658 ex
1372 2615 1474 2671 ipsa
1510 2615 1821 2658 terminatione

132 2673 416 2740 (ationibus)
442 2682 588 2725 conici
599 2696 696 2739 par
720 2686 786 2726 est
796 2701 811 2732 ;
833 2683 897 2726 ad
921 2685 1184 2727 sententiam
1205 2687 1361 2740 aptum
1389 2686 1506 2726 esset
1526 2682 1819 2727 laetificatio-

129 2744 261 2792 nihus
287 2749 357 2793 vel
381 2749 794 2807 ludificationibus,
829 2753 872 2796 si
893 2756 1065 2797 veteres
1094 2753 1154 2795 ita
1182 2752 1352 2795 dixisse
1377 2755 1651 2809 compertum
1681 2750 1818 2795 habe-

129 2826 295 2860 remus.
339 2814 346 2875 Ι
386 2821 411 2866 7
452 2820 656 2865 traheret
686 2818 749 2868 L,·
797 2825 846 2864 at
879 2825 946 2865 est
984 2821 1168 2864 trahere
1209 2821 1450 2877 infinitivus
1490 2823 1816 2879 epexeyetieus,

47 2907 49 2909 ·
131 2885 257 2928 cuius
281 2887 375 2930 loco
390 2889 577 2943 priores
599 2889 820 2933 dixissent
830 2901 841 2933 :
863 2890 950 2934 huc
978 2889 1239 2934 intenderet
1264 2894 1312 2933 ut
1336 2922 1346 2932 .
1373 2922 1382 2932 .
1410 2890 1630 2935 traheret.
