1982 3216
542 233 997 273 COMMENTARIUS
1033 233 1315 272 CRITICUS.
1658 233 1779 271 XXV

218 364 315 425 29,
348 373 376 414 2
405 366 506 412 uel:
542 381 599 412 an
633 365 694 418 U;
736 366 801 424 cf.
837 370 893 423 4,
930 372 1014 423 33,
1052 366 1130 411 ubi
1166 370 1314 410 tamen
1340 366 1465 409 lectio
1493 365 1779 411 Romanasne

75 439 234 483 saltem
264 440 440 482 ineerta
477 440 683 493 est,-14,
721 441 749 484 3
775 436 999 481 hactenus
1036 435 1303 481 consultans
1339 447 1520 480 veneno
1558 449 1614 480 an
1652 435 1780 480 ferro

76 508 171 554 vel
198 521 286 565 qua
314 507 404 553 alia
429 507 500 558 vi;
528 505 648 550 Hist.
676 510 731 563 2,
759 509 812 554 41

217 573 312 633 30,
344 580 371 624 7
399 575 584 632 dedymi
618 567 624 638 Ι
659 581 710 622 11
742 575 880 620 alien.
912 588 967 619 m.
987 574 1209 619 simulans
1235 575 1343 618 incl.
1365 573 1576 631 Bahrdl,
1604 574 1686 618 alii
1708 587 1774 619 vv.

79 646 211 704 quasi
239 659 324 704 per
343 645 617 690 dementiam
635 657 727 702 pro
754 645 1021 702 ylossemace
1043 644 1210 688 habent

75 718 82 724 ‘
219 711 279 760 31.
301 748 316 772 ,
353 718 409 763 13
434 714 582 772 gratis
616 707 622 778 Ι
656 718 770 758 uta.
801 714 843 758 d.
872 713 1076 771 quintum
1116 713 1165 769 U,
1191 727 1232 757 v.
1264 712 1330 757 Ri
1353 713 1416 757 ad
1438 712 1486 757 h.
1518 713 1548 757 l.

216 778 313 840 32,
352 790 373 831 1
413 783 614 843 principi
657 783 713 827 H
752 779 761 847 Ι
812 777 907 840 33,
952 790 1009 831 10
1045 782 1345 827 exercitubus
1396 776 1404 845 Ι
1455 786 1508 829 14
1545 779 1620 826 Μ’.
1659 782 1776 827 Bor·

74 853 225 914 qhesi:
259 853 316 897 M.
577 904 580 907 Δ

219 919 314 980 34,
347 926 373 971 7
403 922 631 967 effinxere
658 923 721 967 P.-
752 922 946 967 effinere
979 919 1232 983 (definiere
1256 917 1328 981 B)
1372 916 1381 984 Ι
1424 927 1481 970 10
1508 921 1646 967 aliter
1673 935 1781 967 esse

78 993 266 1050 soside,
299 992 633 1037 emendavimus
671 992 959 1050 Spenqelium
991 994 1155 1048 secuti,
1190 994 1272 1049 qui
1301 996 1452 1036 tamen
1488 991 1607 1038 alios
1632 996 1706 1037 ter
1734 991 1783 1036 S.

76 1063 260 1113 maluil;
296 1062 432 1108 alites
460 1061 728 1107 Sesostride
755 1061 799 1106 R
838 1059 1093 1121 (Sesoside
1121 1074 1204 1107 em.
1236 1060 1318 1106 JG
1353 1072 1416 1105 ecc
1439 1060 1575 1106 Diod.
1604 1068 1658 1118 1,
1684 1058 1782 1122 53).

78 1132 148 1177 De
182 1133 444 1176 coniectura
475 1130 696 1181 Rhenani
733 1130 1002 1190 Spenyelius
1038 1135 1161 1175 recte
1195 1132 1367 1175 monuit
1399 1143 1499 1176 voc.
1538 1130 1674 1176 alites
1712 1130 1787 1175 hic

77 1203 228 1260 inepto
265 1202 362 1246 loco
392 1202 593 1258 positum
627 1201 784 1247 videri.
837 1194 843 1265 Ι
895 1205 947 1250 17
977 1214 1035 1245 ex
1071 1201 1145 1246 his
1189 1194 1195 1263 Ι
1244 1205 1297 1248 18
1323 1213 1545 1245 annorum
1570 1201 1627 1244 M.
1660 1198 1715 1262 (i.
1746 1213 1778 1248 e.

79 1266 233 1330 mille)
266 1283 457 1315 numero
480 1269 536 1314 H

221 1336 318 1397 35,
352 1344 380 1386 2
408 1340 575 1386 rectuli
617 1334 624 1403 Ι
669 1346 720 1387 11
752 1341 1036 1398 arguebatur
1060 1339 1127 1384 E.-
1161 1340 1446 1397 urgebatur,
1483 1340 1608 1398 quod
1638 1346 1788 1386 ortum

79 1414 146 1455 est
177 1422 239 1454 ex
267 1411 421 1455 leviter
459 1410 714 1468 depravata
748 1412 983 1468 scriptura
1022 1409 1335 1467 urguebatur,
1379 1423 1420 1453 v.
1457 1408 1637 1455 Heraei
1668 1411 1786 1455 stud.

78 1481 180 1524 crit.
208 1479 256 1536 Ι,
285 1483 343 1527 88
373 1471 381 1541 Ι
415 1484 470 1528 19
498 1480 553 1525 ab
581 1480 653 1524 B.-
691 1480 748 1525 ad
781 1473 788 1543 Ι
821 1485 873 1527 21
903 1479 1073 1536 anteit,
1108 1491 1192 1524 em.
1224 1478 1344 1530 Hm,
1378 1483 1428 1523 ut
1455 1484 1522 1523 est
1547 1485 1629 1537 13,
1661 1485 1718 1528 30
1746 1485 1791 1524 et

80 1555 162 1604 15,
188 1552 268 1600 38;
305 1549 353 1593 in
371 1549 585 1607 perfeeto
611 1549 779 1594 habent
802 1550 891 1594 duo
921 1549 1118 1594 Medic-ei
1141 1548 1305 1592 introit
1335 1554 1383 1603 l,
1409 1552 1492 1605 25,
1518 1549 1615 1593 abit
1642 1555 1714 1606 15,
1742 1557 1787 1607 ὁ,

79 1618 166 1663 init
190 1623 272 1674 13,
299 1622 384 1673 23,
414 1618 513 1663 obit
542 1622 624 1676 14,
649 1623 734 1676 47,
773 1618 940 1664 transit
966 1622 1048 1674 14,
1076 1622 1159 1674 21,
1198 1619 1278 1675 qui
1298 1619 1447 1674 pauci
1481 1618 1569 1662 loci
1601 1620 1649 1663 in
1679 1631 1783 1663 cen-

79 1700 179 1732 sum
203 1689 355 1731 venire
381 1701 473 1732 non
499 1692 692 1745 possunt
713 1690 760 1733 in
784 1702 954 1746 mayna
978 1688 1111 1746 eopia
1138 1699 1318 1741 eorum,
1356 1688 1401 1730 in
1426 1687 1586 1746 quibus
1613 1689 1789 1747 duplex

80 1756 96 1801 i
133 1770 164 1800 a
197 1756 326 1801 codd.
362 1757 530 1801 tradita
555 1762 634 1801 est.
679 1751 687 1818 Ι
730 1759 945 1803 hortante
973 1757 1135 1802 Sextia
1162 1755 1225 1801 L.-
1262 1757 1505 1802 hortantes
1537 1758 1680 1804 exitia
1712 1755 1783 1819 (h.

83 1824 280 1871 Sextilia
317 1823 427 1886 Wr)

222 1891 316 1952 36,
351 1901 380 1944 3
408 1895 631 1941 delationi
659 1896 714 1941 H
748 1890 758 1959 Ι
799 1901 826 1945 6
853 1896 976 1954 quod
1006 1895 1103 1941 isse
1140 1894 1234 1941 lani
1281 1888 1287 1959 Ι
1332 1902 1387 1943 10
1413 1897 1684 1942 severitatis
1715 1889 1784 1958 ΠΙ

0 1990 1 1994 =
82 1967 139 2010 22
168 1977 302 2021 quam
322 1964 498 2009 uisiare

0 2071 1 2086 ,
224 2029 318 2089 37,
361 2040 386 2080 5
428 2039 734 2079 execreuerat
777 2028 784 2095 Ι
826 2039 853 2082 6
887 2039 937 2079 ut
975 2034 1171 2080 inertem
1205 2035 1261 2081 H
1296 2030 1302 2098 Ι
1347 2041 1400 2082 11
1435 2035 1629 2094 primum
1666 2034 1789 2092 Cyro

0 2095 1 2103 ’
83 2100 270 2146 Baiter.-
301 2103 436 2160 icyro
464 2101 553 2163 (ex
577 2105 813 2162 scriptura
838 2104 857 2148 I
880 2101 1048 2164 cyr0);
1089 2103 1212 2160 Cyro
1239 2105 1286 2149 B
1318 2099 1326 2168 Ι
1370 2109 1424 2153 19
1448 2105 1529 2149 aliz·
1552 2110 1598 2148 et
1622 2109 1789 2163 sponte

83 2171 392 2227 scribendum,
431 2174 512 2217 alii
533 2179 581 2218 ut
612 2177 716 2217 ante
740 2187 888 2231 genus
915 2173 1154 2218 delendum
1179 2186 1280 2219 esse
1304 2175 1422 2219 coni.
1465 2167 1474 2237 Ι
1516 2177 1573 2220 20
1597 2187 1788 2220 arsaces
1847 2176 1850 2178 ’

224 2235 317 2298 38,
351 2246 378 2288 2
406 2247 538 2288 asatu
583 2238 589 2304 Ι
635 2249 690 2290 10
719 2243 856 2288 sumit
883 2243 946 2288 L:
987 2243 1199 2296 insumit;
1234 2243 1298 2302 cf.
1339 2248 1490 2288 tamen
1524 2243 1588 2287 ad
1615 2248 1698 2300 14,
1733 2248 1792 2291 44

83 2313 126 2353 et
155 2324 195 2355 v.
224 2314 306 2367 16,
332 2315 390 2360 23
421 2303 428 2375 Ι
462 2317 518 2360 13
544 2311 700 2370 diligit
732 2306 738 2376 Ι
774 2317 829 2361 16
854 2313 1081 2372 pluraque
1118 2315 1188 2357 vir
1221 2313 1380 2358 doctus
1402 2312 1588 2371 quidam
1621 2307 1627 2376 Ι
1663 2317 1714 2361 17
1743 2313 1789 2357 in

83 2377 188 2422 add.
221 2378 316 2425 otto

224 2444 320 2507 39,
360 2456 388 2499 3
422 2451 555 2495 simul
591 2451 753 2496 haberi
796 2444 805 2513 Ι
846 2456 873 2500 6
908 2453 985 2497 dat
1014 2453 1287 2497 Parthorum
1316 2451 1530 2496 Diibner:
1570 2453 1648 2497 dat
1682 2465 1789 2509 par-

83 2517 384 2577 thorumque,
414 2532 532 2578 quae
566 2521 693 2564 lectio
721 2521 962 2577 probabile
998 2521 1116 2579 facit
1147 2533 1311 2566 nomen
1334 2523 1480 2579 yemis
1505 2521 1558 2565 ob
1582 2522 1788 2564 similitu-

83 2585 231 2631 dinem
265 2590 627 2633 terminationum
655 2591 965 2642 intercidisse,
1002 2595 1051 2635 ut
1078 2592 1148 2635 Bz
1172 2592 1434 2647 suspicatus
1459 2595 1526 2634 est
1535 2608 1550 2638 ;
1577 2590 1656 2635 dat
1681 2589 1790 2634 Par-

83 2655 262 2701 thorum
310 2659 618 2716 Ariorumque
659 2654 855 2717 (datque
892 2659 1160 2705 Parthorum
1196 2656 1266 2719 B)
1319 2654 1325 2720 Ι
1374 2664 1402 2707 6
1434 2659 1664 2716 mittitque
1712 2659 1789 2716 qui

85 2725 255 2771 auxilia
278 2728 491 2773 mercede
514 2732 812 2772 arcesserent
834 2728 886 2772 H
915 2722 922 2790 Ι
953 2732 979 2776 7
1008 2728 1165 2773 accire
1181 2728 1242 2773 G.-
1272 2728 1489 2786 accipere
1523 2722 1531 2788 Ι
1565 2734 1621 2776 10
1645 2727 1789 2772 effunt

223 2791 318 2851 40,
357 2803 384 2845 3
411 2796 457 2841 in
485 2796 591 2840 add.
619 2795 676 2839 M
702 2789 710 2859 Ι
744 2802 800 2843 10
829 2802 960 2842 aetae
994 2789 1092 2859 1‘13
1117 2796 1308 2843 derecta
1334 2797 1452 2842 Hm.-
1490 2797 1695 2850 directa;
1723 2797 1787 2855 ef.

85 2864 139 2914 2,
164 2867 246 2916 45:
283 2864 345 2910 H.
371 2870 427 2922 4,
453 2871 520 2914 16.
548 2871 629 2916 25;
669 2872 721 2922 5,
749 2869 807 2913 23
831 2870 936 2910 etv.
968 2867 1101 2910 eliam
1129 2870 1186 2922 2,
1213 2871 1295 2918 31;
1332 2871 1386 2923 4,
1413 2871 1494 2918 403
1535 2866 1598 2910 H.
1628 2871 1683 2922 2,
1709 2873 1785 2916 35;

83 2933 139 2987 4,
165 2937 222 2980 58
247 2935 346 2978 coll.
372 2934 660 2979 Lachmanm'
689 2947 850 2979 comm.
876 2935 942 2979 ad
968 2935 1155 2981 Luerel.
1178 2949 1233 2993 p.
1260 2939 1360 2984 247.
