1976 3224
620 193 789 230 numa
812 193 906 229 xv.
941 191 1063 228 CAP.
1092 190 1133 232 1.
1194 189 1206 193 ’
1602 181 1704 233 283

103 327 244 367 Novae
264 324 379 364 urbis
400 322 544 363 facies.
583 323 653 362 44.
675 320 806 360 Petita
829 321 910 360 diis
935 320 1098 373 piacula
1126 318 1294 358 frustra.
1338 319 1523 358 Incendii
1547 320 1707 361 invidia

26 406 30 415 =
100 385 143 423 in
179 381 438 423 Christianos
470 379 665 419 devoluta
702 378 853 418 misere
890 378 1162 416 excruciatos,
1215 376 1287 417 45.
1331 376 1518 424 ltaliam,
1553 379 1706 427 socios,

104 438 259 491 templa
277 436 428 490 spoliat
452 435 585 483 Ner-03
612 440 874 474 aversantem
903 433 948 472 id
969 432 1168 473 Senecam
1199 444 1360 471 veneno
1389 434 1505 484 petit.

193 494 263 535 46.
295 492 578 533 Gladiatorum
611 492 771 543 eruptio
803 490 915 543 apud
947 489 1184 529 Praeneste.
1231 489 1385 529 Classis
1420 490 1474 528 ad
1499 489 1706 530 Misenum

103 553 270 592 amissa.
316 550 389 589 47.
418 549 627 601 Prodigia.
674 547 743 588 48.
778 547 1014 588 Coniuratio
1040 545 1205 586 Pisonis
1227 547 1268 584 in
1297 545 1518 585 Neronem.
1542 547 1612 589 49.
1632 547 1704 591 50.

101 609 425 650 Coniuratorum
447 607 628 654 nomina,
659 617 796 644 mores
811 634 821 652 ,
847 603 1037 644 odiorum
1058 603 1101 641 in
1125 602 1334 642 Neronem
1353 614 1516 642 causae.
1558 603 1612 643 Iis
1639 616 1707 644 ac·

101 666 211 706 cedit
245 662 381 703 Rufus
420 662 657 715 praefectus
694 662 918 714 praetor-io.
971 658 1107 699 Subrii
1142 659 1336 711 impetus.
1379 658 1450 699 51.
1488 659 1706 712 Epicharis

104 723 281 762 classem
313 726 478 759 tentans
506 719 706 771 proditur.
759 717 828 758 52.
863 717 1180 757 Coniuratorum
1213 717 1391 768 impetus
1419 716 1653 757 retardatus
1684 729 1710 756 a

105 779 254 818 Pisone
294 777 344 816 ob
385 789 503 815 sacra
527 788 710 816 mensae.
759 773 829 815 53.
859 774 986 812 Aliud
1017 774 1327 813 coniuratorum
1358 773 1592 813 consilium.
1635 774 1707 814 54.

104 834 296 875 Scaevini
320 833 612 885 imprudentia.
658 831 850 871 Milichus
886 842 1033 869 servus
1066 829 1213 870 herum
1244 829 1401 878 defert,
1441 830 1512 880 qui
1534 831 1709 884 egregie

103 904 148 930 se
182 888 389 937 defendit,
425 890 499 928 sed
529 889 719 928 muliebri
752 888 905 928 astutia
939 886 1280 938 deprehenditur.
1335 885 1405 925 55.
1433 886 1504 926 56.
1549 886 1708 926 Natalis

105 946 431 986 coniurationem
449 945 614 994 fatetur,
633 945 842 993 Pisonem,
866 943 1065 983 Senecam
1084 944 1283 991 nominat,
1303 942 1499 983 Lucanus
1519 950 1706 983 matrem.

100 1004 172 1044 57.
201 1001 418 1054 Epicharis
447 1004 664 1042 tormentis
685 1001 911 1041 dilacerata
943 1000 1094 1038 mirum
1126 1000 1222 1039 fidei
1250 1000 1487 1052 exemplum
1507 1006 1708 1053 praestat.

103 1059 173 1101 58.
217 1058 325 1098 Nero
360 1068 456 1096 reos
482 1059 619 1107 audit,
653 1069 758 1108 quos
779 1057 983 1096 violenter
1007 1063 1131 1110 urget
1161 1055 1297 1095 Rufus
1327 1056 1591 1096 dissimulata
1610 1068 1711 1096 con-

102 1115 288 1157 scientia.
331 1113 399 1154 59.
426 1113 522 1153 Piso
548 1114 747 1166 neglectis
770 1115 996 1153 amicorum
1018 1114 1186 1153 monitis
1209 1113 1421 1152 occiditur.
1465 1113 1564 1153 Eius
1583 1119 1710 1152 testa-

103 1179 289 1212 mentum
318 1177 357 1209 et
381 1182 502 1211 uxor.
546 1170 617 1210 60.
645 1169 713 1210 61.
758 1170 916 1210 Caedes
939 1170 1133 1209 Laterani
1167 1176 1206 1208 et
1237 1168 1433 1209 Senecae.
1477 1170 1608 1209 Huius
1637 1170 1711 1209 de-

105 1229 241 1268 fensio
264 1234 418 1280 spreta.
472 1226 542 1267 62.
597 1225 790 1278 Supremi
813 1239 1042 1266 sermones.
1090 1226 1158 1266 63.
1202 1227 1350 1265 Amica
1374 1227 1591 1266 contentio
1616 1238 1710 1266 cum

102 1297 260 1333 uxore,
306 1285 424 1322 cuius
457 1290 631 1323 mortem
666 1282 845 1321 inhiberi
883 1283 991 1322 Nero
1027 1284 1216 1335 imperat.
1272 1282 1453 1322 Senecae
1487 1283 1708 1330 cruciatus,

104 1353 233 1389 mors,
264 1339 406 1379 funus.
446 1339 514 1380 65.
554 1342 646 1392 Ipse
682 1339 916 1378 destinatus
952 1340 1176 1392 imperator
1208 1351 1233 1378 a
1254 1338 1416 1378 Subrio.
1460 1339 1529 1380 66.
1575 1338 1710 1378 Rufus

104 1397 310 1451 proditur.
358 1395 427 1436 67.
457 1396 525 1437 68.
562 1396 698 1436 Subrii
730 1395 885 1443 Flavii,
919 1396 1071 1448 Aspri,
1114 1396 1289 1435 aliorum
1317 1403 1556 1436 constantes
1586 1407 1710 1435 voces

104 1463 146 1494 et
170 1454 329 1495 exitus..
373 1453 466 1492 Rufi
484 1453 691 1493 mollities.
732 1451 801 1492 69.
831 1451 939 1491 Nero
961 1452 1177 1492 Vestinum
1205 1454 1394 1503 quamvis
1421 1453 1629 1492 insontem
1646 1453 1712 1491 in-

103 1511 279 1555 terimit;
322 1508 389 1549 70.
414 1510 480 1549 71.
508 1521 607 1549 mox
634 1509 860 1556 Lucanum,
892 1508 1177 1558 Senecionem,
1204 1508 1518 1557 Quinctianum,
1544 1508 1712 1548 Scaevi-

105 1579 218 1606 num.
264 1565 465 1605 Simulata
495 1579 570 1619 per
604 1565 749 1605 urbem
789 1565 959 1618 gaudia.
1012 1566 1223 1605 Indicibus
1257 1566 1463 1618 praemia,
1505 1564 1711 1617 suspectis

103 1623 275 1663 militiae
312 1624 495 1672 vacatio,
547 1622 641 1662 aliis
682 1622 820 1662 exilia.
878 1622 946 1660 72.
980 1621 1247 1675 Turpiliano,
1286 1622 1461 1670 Nervae,
1505 1621 1710 1674 Tigellino

104 1678 393 1732 triumphalia,
422 1679 675 1732 Nymphidio
698 1679 932 1719 consularia
955 1679 1140 1731 insignia
1160 1679 1270 1718 data.
1327 1677 1395 1718 73.
1432 1677 1540 1717 Nero
1563 1677 1712 1717 adver-

105 1749 199 1776 sum
228 1748 416 1776 rumores
437 1749 483 1776 se
505 1743 672 1789 purgat.
725 1735 926 1775 Gallionis
956 1736 1200 1788 periculum.
1244 1736 1311 1776 74.
1350 1733 1391 1773 S.
1421 1733 1464 1775 C.
1489 1734 1540 1775 ob
1569 1746 1711 1775 serva-

106 1801 190 1831 tum
213 1791 433 1832 Neronem.
471 1793 604 1845 Pugio
625 1791 815 1832 Scaevini
837 1793 998 1831 dicatus
1018 1793 1105 1832 Iovi
1131 1792 1312 1832 Vindici.

191 1847 316 1888 Gesta
342 1849 443 1888 haec
464 1850 584 1888 annis
610 1849 735 1900 paulo
758 1849 936 1901 amplius
957 1849 1112 1896 tribus,
1138 1848 1181 1889 C.
1205 1849 1399 1889 Memmio
1421 1849 1584 1902 Regulo
1606 1850 1711 1889 Ver-

106 1905 223 1957 ginio
255 1904 389 1953 Rufo,
425 1905 468 1945 C.
509 1905 715 1944 Laecanio
746 1905 877 1944 Basso
907 1905 960 1943 M.
996 1905 1151 1944 Licinio
1174 1905 1349 1954 Crasso,
1382 1906 1427 1945 P.
1453 1905 1553 1945 Silio
1574 1906 1711 1945 Nerva

106 1961 149 2001 C.
171 1961 276 2001 Iulio
307 1961 443 2000 Attico
466 1961 639 2001 Vestino
663 1973 773 2000 coss.

155 2043 198 2089 1.
247 2040 434 2089 Interea
472 2056 558 2089 rex
606 2041 885 2090 Parthorum
922 2042 1200 2104 Vologeses
1241 2043 1446 2104 cognitis
1475 2041 1709 2090 Corbulo-

48 2112 121 2159 nis
160 2110 305 2158 rebus
341 2126 603 2175 regemque
649 2111 964 2174 alienigenam
1003 2111 1241 2173 Tigranen
1275 2111 1529 2158 Armeniae
1559 2112 1709 2175 impo-

51 2181 211 2241 situm,
252 2181 385 2227 simul
423 2181 568 2227 fratre
607 2179 816 2229 Tiridate
854 2181 993 2243 pulso
1031 2188 1240 2243 spretum
1267 2179 1604 2228 Arsacidarum
1641 2181 1709 2228 fa-

46 2250 240 2311 stigium
267 2250 335 2297 ire
363 2249 503 2296 ultum
526 2250 709 2311 volenS,
736 2250 1056 2312 magnitudine
1083 2265 1265 2297 rursum
1285 2250 1501 2312 Romana
1523 2257 1570 2298 et
1597 2264 1709 2298 con·

48 2318 163 2366 tinui
189 2318 402 2366 foederis
427 2320 696 2367 reverentia
723 2319 937 2367 diversas
958 2319 1016 2367 ad
1037 2322 1176 2366 curas
1198 2318 1487 2379 trahebatur,
1517 2327 1705 2368 cuncta·
1727 2340 1747 2370 5

51 2393 127 2435 tor
155 2388 349 2449 ingenio
390 2395 437 2435 et
462 2387 734 2436 defectione
782 2388 1135 2449 Hyrcanorum,
1164 2389 1323 2450 gentis
1355 2388 1565 2452 validae,
1594 2389 1708 2436 mul·

51 2457 208 2519 sisque
249 2471 310 2504 ex
345 2471 404 2504 eo
443 2457 583 2505 bellis
621 2458 862 2520 inligatus.
909 2465 1049 2521 atque
1085 2458 1212 2505 illum
1248 2457 1514 2519 ambiguum
1556 2471 1709 2504 novus

51 2525 250 2589 insuper
277 2526 461 2574 nuntius
489 2528 803 2575 contumeliae
832 2527 1125 2574 exstimulat:
1156 2528 1332 2589 quippe
1362 2540 1592 2587 egressus
1619 2525 1708 2573 Ar-

51 2597 204 2643 menia
229 2595 461 2658 Tigranes
491 2596 792 2658 Adiabenos,
821 2597 1157 2643 conterminam
1184 2596 1447 2654 nationem,
1489 2594 1627 2642 latius
1651 2609 1710 2643 ac

53 2662 223 2712 diutius
263 2679 398 2728 quam
430 2679 515 2727 per
542 2665 789 2713 latrocinia
814 2672 1108 2724 vastaverat,
1155 2663 1295 2726 idque
1323 2664 1556 2727 primores
1592 2679 1707 2727 gen·
1730 2685 1768 2717 10

51 2731 164 2779 tium
199 2749 345 2795 aegre
383 2734 674 2781 tolerabant:
712 2749 770 2781 eo
811 2734 1178 2796 contemptionis
1213 2732 1520 2793 descensum,
1562 2741 1611 2780 ut
1647 2747 1709 2780 ne

55 2798 176 2848 duce
210 2802 394 2866 quidem
434 2804 647 2850 Romano
685 2804 1064 2863 incursarentur,
1101 2801 1185 2849 sed
1227 2803 1490 2849 temeritate
1527 2801 1708 2850 obsidis

53 2873 127 2915 tot
172 2884 258 2932 per
296 2886 444 2919 annos
482 2873 603 2919 inter
650 2872 882 2934 mancipia
929 2869 1090 2918 habiti.
1153 2870 1449 2918 accendebat
1492 2869 1708 2920 d‘olorem
