1904 3172
267 780 381 846 Cum
407 797 551 842 Taciti
576 797 724 842 libros
749 798 914 842 iterum
941 810 1414 855 recognosceremus,
1442 812 1533 844 non
1564 803 1761 857 tantum,
1791 801 1842 844 u't

143 894 226 939 par
254 883 380 934 erat,
420 877 637 940 egregias
662 876 911 936 Nipperdei
953 882 998 922 et
1034 878 1202 924 Haasei
1240 893 1373 924 curas
1402 880 1715 936 adhibuimus,
1755 880 1840 925 sed

145 961 281 1006 etiam
319 964 523 1004 veterum
565 957 830 1002 criticorum
867 959 1219 1004 commentarios
1259 960 1510 1017 diligenter
1535 961 1839 1019 perlustravi·
1878 950 1882 954 ’

143 1055 240 1086 mus
255 1075 268 1096 ,
299 1039 376 1098 qui
406 1052 537 1096 quam
555 1037 729 1095 cogniti
751 1038 842 1083 sint
862 1052 952 1084 uno
971 1040 1142 1086 illustri
1161 1042 1374 1100 exemplo
1396 1042 1645 1087 ostendere
1667 1055 1850 1100 operae·

142 1119 339 1179 pretium
363 1119 560 1165 videtur.
612 1119 661 1162 In
698 1119 818 1163 libro
850 1119 969 1164 enim
997 1122 1225 1167 annalium
1250 1122 1362 1180 XII,
1387 1128 1440 1170 11
1466 1123 1715 1168 lectionem
1753 1123 1840 1168 fal-

144 1215 240 1247 sam
271 1205 392 1244 tanto
418 1200 679 1244 toleratiora
709 1212 768 1244 ex
792 1213 902 1245 vera
928 1204 1050 1246 tanto
1077 1203 1267 1248 laetiora
1293 1204 1588 1263 depravatam
1618 1219 1724 1250 esse
1757 1219 1840 1249 nu-

142 1295 226 1340 per
250 1280 401 1327 Haase
436 1282 482 1324 in
519 1280 666 1339 praef.
704 1280 797 1325 vol.
829 1280 863 1324 l.
899 1295 942 1340 p.
985 1285 1098 1329 LXX
1133 1290 1262 1330 recte
1298 1287 1496 1331 monuit:
1539 1292 1584 1331 at
1615 1287 1723 1344 quid
1750 1287 1841 1332 iam

76 1420 79 1423 .
143 1361 382 1408 Acidalius
419 1361 608 1406 criticus
648 1361 730 1406 ille
768 1362 814 1406 in
840 1363 1002 1420 paucis
1036 1366 1308 1423 ingeniosus
1335 1360 1560 1425 scripsit?
1610 1367 1839 1411 ‘Mu-retus

144 1444 292 1490 voluit
317 1448 437 1488 tanto
462 1445 703 1499 ιαθίνὶονα,
742 1444 864 1501 quod
902 1445 1039 1503 plane
1076 1460 1167 1491 non
1206 1447 1436 1492 convenit.
1491 1448 1586 1493 Nec
1626 1461 1714 1505 ego
1742 1448 1841 1493 scio

145 1526 253 1583 quid
276 1526 451 1571 faciam.
496 1524 714 1570 Hariolor
734 1530 932 1583 tantum,
951 1530 1073 1571 tanto
1091 1528 1303 1582 laetiora,
1325 1528 1449 1573 bono
1473 1529 1656 1586 quidem
1676 1542 1838 1573 sensu:

145 1613 312 1665 quanto
350 1608 566 1653 inusitata
592 1607 739 1665 magis
766 1621 820 1653 ac
850 1607 1230 1669 nova-barbaris,
1260 1613 1387 1654 tanto
1415 1609 1623 1666 gratiora
1649 1609 1831 1654 futura?

142 1690 310 1735 Postea
340 1689 641 1747 cognovimus
679 1690 726 1734 in
762 1690 951 1736 eandem
987 1689 1382 1747 emendationem,
1425 1704 1542 1748 quae
1578 1690 1713 1735 nobis
1742 1690 1842 1747 qui-

144 1770 246 1815 dem
273 1770 531 1816 certissima
560 1770 769 1828 videtur,
808 1771 897 1815 iam
922 1770 1136 1817 Ursinum
1179 1771 1430 1827 incidisse,
1468 1785 1522 1817 ac
1558 1777 1707 1817 tamen
1741 1772 1842 1816 eius

143 1851 266 1897 nulla
296 1851 466 1896 mentio
494 1851 540 1895 in
578 1852 915 1897 commentariis
956 1852 1294 1909 recentiorum,
1333 1867 1601 1910 quamquam
1629 1852 1842 1897 Walthe-

144 1946 222 1977 rus
265 1932 447 1990 quidem
487 1946 604 1990 quae
638 1938 824 1978 veteres
864 1933 1014 1977 critici
1053 1934 1224 1978 habent
1268 1934 1394 1978 bona
1441 1934 1554 1978 satis
1594 1933 1844 1989 diligenter

145 2013 351 2070 collegit.
408 2012 630 2058 Videmur
657 2018 806 2058 autem
835 2013 969 2058 nobis
996 2027 1086 2059 non
1113 2014 1212 2059 sine
1253 2014 1408 2072 aliquo
1437 2015 1587 2059 fructu
1622 2015 1709 2059 hos
1740 2014 1844 2058 fon-

144 2100 214 2140 tes
249 2094 447 2139 nondum
479 2095 729 2140 exhaustos
768 2095 949 2147 adisse;
988 2095 1224 2141 invenient
1267 2095 1386 2140 enim
1428 2095 1635 2140 homines
1670 2094 1843 2139 literati

145 2177 322 2234 aliquot
356 2177 502 2222 bonas
538 2177 885 2222 emendationes
923 2191 948 2222 a
978 2177 1112 2222 nobis
1147 2177 1339 2235 primum
1375 2177 1422 2221 in
1449 2178 1694 2223 verborum
1731 2189 1843 2220 con-

143 2263 317 2303 textum
343 2263 585 2317 receptas,
614 2271 731 2316 quae
759 2258 944 2303 nimium
978 2259 1054 2303 diu
1083 2259 1326 2316 neglectae
1352 2258 1607 2304 iacuerant.
1660 2258 1710 2302 In
1740 2256 1843 2302 aliis

144 2339 262 2384 locis
301 2339 451 2384 critici
491 2344 679 2385 nostrae
714 2339 881 2385 aetatis
933 2341 1041 2398 quid
1077 2339 1260 2385 Tacitus
1298 2340 1571 2398 scripsisset
1612 2340 1729 2384 bene
1773 2338 1843 2382 illi

147 2420 328 2478 quidem
360 2419 648 2477 divinarunt,
680 2421 764 2466 sed
792 2421 891 2466 laus
916 2421 1091 2466 inventi
1120 2421 1257 2466 alicui
1284 2419 1516 2478 superiori
1544 2420 1589 2464 in
1615 2433 1844 2464 commen-

145 2500 265 2545 tario
293 2505 452 2545 nostro
483 2500 648 2545 critico
686 2501 962 2546 vindicanda
994 2507 1108 2547 erat.
1163 2502 1213 2546 In
1240 2502 1361 2546 hunc
1386 2506 1533 2546 autem
1562 2514 1718 2545 omnes
1746 2500 1844 2544 lec-

144 2581 296 2626 tiones
334 2581 571 2638 codicum,
609 2595 725 2639 quae
761 2583 820 2627 ob
857 2582 1054 2640 aliquam
1082 2596 1264 2627 causam
1292 2581 1479 2638 cognitu
1520 2580 1688 2637 dignae
1713 2576 1844 2624 vide-

144 2662 334 2718 bantur,
361 2661 617 2706 rettulimus
646 2675 732 2706 nec
757 2662 894 2707 ullam
915 2661 1050 2707 nobis
1072 2660 1699 2720 praetermisissevidemur,
1727 2672 1844 2717 quae

146 2743 344 2800 aliquem
381 2757 510 2788 usum
546 2743 603 2788 ad
638 2743 781 2788 verba
818 2743 1060 2803 scriptoris
1090 2743 1369 2788 emendanda
1407 2743 1636 2801 praebere
1666 2746 1841 2799 posset.

144 2822 390 2868 Praeterea
417 2836 507 2867 non
535 2828 704 2868 tantum
734 2824 1098 2869 emendationum
1125 2828 1339 2867 auctores
1366 2823 1462 2867 suis
1490 2814 1748 2879 quibusque
1775 2821 1844 2864 lo-

148 2902 213 2946 cis
251 2902 581 2960 indicavimus,
618 2904 701 2948 sed
733 2904 867 2948 etiam
897 2882 1123 2948 delectum
1158 2903 1556 2958 coniecturarum,
1599 2915 1714 2958 quae
1757 2913 1844 2943 non

1435 2968 1504 3013 a*

1505 3032 1513 3053 Ο
