1976 3224
519 166 694 203 LIBER
717 167 834 205 xlv.
865 167 987 205 CAP.
1013 166 1228 209 38—43.
1611 159 1707 207 271

50 297 222 346 cellum
260 296 490 344 memoria
524 295 751 343 maiorum
789 303 835 343 et
870 310 1044 359 preces
1080 295 1300 344 Caesaris
1338 311 1523 360 poenae
1557 300 1713 360 magis

44 381 187 431 quam
212 366 433 414 infamiae
460 379 700 413 exemere.
1731 386 1771 419 15

148 438 232 485 41.
265 434 476 484 Perculit
507 435 549 483 is
585 434 689 482 dies
722 434 998 499 Pompeium
1037 450 1229 500 quoque
1266 436 1544 498 Aelianum,
1583 438 1711 485 iuve-

49 521 156 554 nem
178 506 516 569 quaestorium,
545 511 781 567 tamquam
801 505 1087 567 flagitiorum
1107 505 1304 554 Fabiani
1329 521 1544 568 gnarum,
1573 508 1713 570 eique

46 575 182 624 Italia
209 581 257 623 et
293 573 548 638 Hispania,
586 575 632 621 iu
670 588 762 638 qua
793 582 924 623 ortus
962 584 1089 637 erat,
1131 574 1428 624 interdictum
1465 584 1553 624 est.
1609 577 1711 640 pari

0 700 1 713 χ
46 645 304 709 ignominia
339 643 560 693 Valerius
595 643 821 692 Ponticus
857 644 1096 708 adficitur,
1147 644 1274 709 quod
1312 660 1454 707 reOS,
1493 661 1553 694 ne
1587 645 1712 711 apud

0 1141 5 1253 ἱ

48 714 345 780 praefectum
380 712 510 762 urbis
546 720 885 777 arguerentur,
924 714 982 763 ad
1020 722 1293 779 praetorem
1334 714 1610 777 detulisset,
1643 717 1710 764 in·
1732 735 1751 765 5

47 786 184 834 terim
219 784 387 850 specie
425 782 610 846 legum,
647 797 761 831 mox
801 784 1180 847 praevaricando
1218 785 1444 833 ultionem
1473 785 1709 834 elusurus.

46 853 231 904 additur
256 860 447 903 senatus
485 852 730 915 consulte,
771 855 849 916 qui
875 853 1016 902 talem
1044 869 1240 919 operam
1269 857 1568 919 emptitasset
1596 870 1710 903 ven-

47 923 334 986 didissetve,
373 921 573 987 perinde
595 936 752 987 poena
781 929 1025 972 teneretur
1051 939 1108 973 ac
1133 925 1173 972 si
1209 923 1404 988 publico
1432 924 1605 973 iudicio
1636 939 1727 974 ca·.

48 994 250 1042 lumniae
279 991 635 1042 condemnatus.

148 1061 232 1119 42.
278 1061 414 1112 Haud
447 1061 595 1111 multo
624 1069 734 1126 post
761 1063 1058 1127 praefectum
1086 1062 1218 1111 urbis
1244 1063 1501 1112 Pedanium
1528 1064 1714 1113 Secun-

48 1133 155 1182 dum
193 1147 360 1181 servus
397 1132 548 1196 ipsius
585 1131 854 1195 interfecit,
889 1147 974 1181 seu
1010 1141 1184 1196 negata
1211 1132 1462 1196 libertate,
1503 1134 1578 1183 cui
1603 1148 1712 1198 pre-

47 1204 159 1251 tium
189 1203 471 1266 pepigerat,
508 1201 611 1250 sive
635 1215 799 1250 amore
831 1201 1012 1250 exoleti
1036 1203 1260 1251 incensus
1296 1210 1344 1251 et
1369 1203 1606 1252 dominum
1633 1218 1710 1252 ae-

47 1272 221 1321 mulum
245 1286 340 1320 non
370 1271 599 1320 tolerans.
655 1278 866 1319 ceterum
894 1286 998 1320 cum
1027 1280 1191 1321 vetere
1228 1288 1289 1321 ex
1318 1287 1453 1322 more
1488 1273 1712 1321 familiam

50 1356 261 1404 omnem,
293 1355 414 1405 quae
450 1340 537 1390 sub
575 1339 744 1388 eodem
780 1348 909 1407 tecto
934 1343 1297 1406 mansitaverat,
1334 1342 1393 1392 ad
1423 1343 1711 1408 supplicium
1733 1356 1754 1388 5

3 1420 7 1444 ἑ
48 1415 125 1474 agi
152 1418 417 1476 oporteret,
447 1425 686 1460 concursu
710 1409 889 1474 plebiS,
919 1426 1042 1475 quae
1070 1418 1139 1460 tot
1163 1412 1385 1462 innoxios
1406 1411 1712 1476 protegebat,

46 1496 200 1545 usque
225 1479 282 1529 ad
311 1479 593 1529 seditionem
619 1487 811 1528 ventum
838 1487 911 1529 est
937 1489 1227 1545 senatusque
1260 1481 1516 1545 obsessae,
1548 1483 1595 1529 in
1617 1495 1712 1545 quo

5 1554 8 1571 ²
46 1553 156 1615 ipso
183 1557 317 1599 erant
339 1549 490 1599 studia
515 1550 702 1598 nimiam
728 1552 1037 1600 severitatem
1074 1553 1454 1614 aspernantium,
1497 1550 1713 1615 pluribus

0 1649 1 1654 =
45 1619 160 1669 nihil
195 1618 462 1668 mutandum
501 1617 822 1669 censentibus.
877 1635 938 1668 ex
974 1620 1078 1684 quis
1117 1619 1170 1670 C.
1210 1620 1406 1670 Cassius
1445 1621 1712 1670 sententiae

46 1690 159 1739 loco
186 1690 234 1737 in
257 1687 384 1737 hunc
408 1688 596 1738 modum
623 1689 872 1738 disseruit:
1731 1706 1772 1739 ιο

151 1759 237 1809 43.
275 1758 467 1823 ‘Saepe
506 1773 729 1821 numero,
778 1766 942 1823 patres
990 1760 1280 1825 conscripti,
1329 1761 1376 1808 in
1413 1759 1508 1809 hoc
1547 1758 1715 1808 ordine

8 1817 10 1841 ³
46 1828 252 1890 interfui,
285 1842 389 1875 cum
417 1835 582 1876 contra
609 1828 818 1876 instituta
854 1835 902 1876 et
935 1829 1076 1891 leges
1101 1831 1329 1878 maiorum
1356 1845 1481 1879 nova
1519 1835 1714 1878 senatus

10 1916 11 1929 ¹
48 1897 246 1946 decreta
281 1896 659 1961 postularentur;
698 1912 856 1960 neque
893 1913 993 1945 sum
1031 1897 1334 1961 adversatur-3,
1373 1914 1469 1948 non
1498 1898 1606 1963 quia
1633 1897 1712 1946 du-

45 1967 275 2029 bitarem,
314 1981 459 2031 super
497 1965 714 2015 omnibus
750 1967 959 2029 negotiis
1004 1967 1174 2016 melius
1209 1974 1349 2032 atque
1387 1969 1566 2018 rectius
1602 1967 1715 2015 olim

48 2038 293 2102 provisum
324 2043 371 2084 et
398 2050 520 2100 quae
547 2042 946 2084 converterentur
985 2036 1038 2085 in
1065 2036 1275 2085 deterius
1305 2039 1497 2100 mutari,
1535 2036 1622 2085 sed
1654 2051 1714 2084 ne
1735 2052 1756 2084 ⁵

45 2107 189 2155 nimio
219 2121 383 2155 amore
410 2106 587 2171 antiqui
618 2105 764 2153 moris
795 2105 994 2153 studium
1032 2121 1186 2155 meum
1229 2107 1469 2156 extollere
1503 2105 1712 2155 viderer.

48 2176 181 2226 simul
209 2174 437 2240 quidquid
461 2174 556 2223 hoc
586 2176 632 2222 in
659 2174 797 2223 nobis
823 2176 1119 2224 auctoritatis
1156 2182 1255 2239 est,
1301 2176 1486 2224 crebris
1525 2183 1714 2224 contra-

48 2245 335 2295 dictionibus
375 2244 711 2293 destruendum
747 2258 842 2292 non
868 2244 1223 2308 existimabam,
1266 2253 1315 2294 ut
1348 2252 1566 2294 maneret
1597 2245 1714 2293 inte-

47 2330 208 2380 grum,
248 2315 288 2363 si
317 2313 506 2378 quando
543 2329 624 2362 res
659 2313 850 2378 publica
891 2314 1106 2363 consiliis
1130 2316 1360 2378 eguisset.
1418 2314 1546 2379 quod
1572 2313 1715 2363 hodie

49 2386 234 2448 evenit,
267 2383 508 2433 consulari
541 2384 645 2432 viro
672 2382 798 2432 domi
831 2397 945 2432 suae
978 2385 1234 2434 interfecto
1262 2400 1351 2450 per
1387 2384 1583 2433 insidias
1610 2399 1774 2433 ser-10

46 2455 184 2518 viles,
214 2468 333 2519 quas
358 2467 496 2502 nemo
525 2452 766 2517 prohibuit
794 2461 871 2502 aut
898 2454 1108 2517 prodidit
1136 2455 1349 2518 quamvis
1374 2453 1582 2503 nondum
1604 2467 1715 2500 con·

50 2538 191 2574 cusso
229 2530 422 2574 senatus
460 2522 710 2585 consulto,
751 2523 879 2587 quod
916 2523 1200 2587 supplicium
1226 2525 1314 2572 toti
1347 2523 1554 2572 familiae
1583 2522 1715 2569 mini·

48 2593 248 2644 tabatur.
309 2593 555 2642 decernite
602 2591 800 2640 hercule
848 2592 1183 2655 inpunitatem:
1231 2600 1278 2641 at
1323 2607 1463 2656 quem
1509 2591 1717 2653 dignitas

51 2679 134 2713 sua
172 2662 425 2724 defendet,
472 2676 575 2710 cum
614 2661 921 2724 praefectura
959 2661 1088 2709 urbis
1125 2675 1219 2709 non
1259 2658 1530 2726 profuerit?
1577 2675 1717 2723 quem

51 2747 271 2782 numerus
312 2746 561 2782 servorum
596 2729 828 2794 tuebitur,
863 2744 967 2778 cum
1003 2730 1257 2780 Pedanium
1297 2730 1564 2779 Secundum
1601 2743 1774 2794 qua-15

54 2801 289 2865 drIngenti
316 2816 410 2851 non
438 2797 772 2865 protexerint?
826 2801 897 2849 cui
935 2799 1111 2849 familia
1141 2814 1281 2864 opem
1315 2801 1468 2862 feret,
1507 2812 1629 2862 quae
1656 2813 1715 2846 ne

54 2870 101 2918 in
130 2879 254 2920 metu
284 2871 469 2937 quidem
498 2869 711 2934 pericula
747 2876 908 2917 nostra
937 2867 1173 2919 advertit?
1212 2885 1294 2934 an,
1335 2877 1383 2918 ut
1415 2864 1601 2933 quidam
1629 2868 1711 2916 lin-
