1976 3224
253 171 354 222 256
677 180 956 220 commta
981 180 1179 219 TACrrr
1201 181 1506 220 ANNALmM

357 311 404 362 6.
437 311 542 360 Illic
570 317 801 374 reputans
832 309 941 358 ideo
980 324 1034 357 se
1062 309 1321 358 fallacibus
1358 309 1510 358 literis
1537 311 1739 366 accitam
1773 317 1819 358 et
1846 310 1927 359 ho-

253 396 371 431 nore
398 382 662 446 praecipuo
688 379 914 442 habitam,
943 378 1167 444 quodque
1196 379 1306 428 litus
1333 380 1478 443 iuxta,
1502 393 1599 428 uon
1625 381 1781 428 ventis
1807 387 1930 443 acta,

251 467 346 501 non
377 451 507 500 saxis
543 449 733 514 inpulsa
758 451 895 498 navis
922 464 1102 498 summa
1132 450 1203 498 sui
1231 457 1368 515 parte
1395 449 1545 498 veluti
1579 456 1812 498 terrestre
1838 464 1931 498 ma-

255 521 604 571 chinamentum
631 519 941 582 concidisset,
970 518 1239 568 observans
1259 520 1402 568 etiam
1423 518 1725 568 Acerroniae
1746 534 1932 581 necem,

214 610 235 644 ε
254 591 391 641 simul
418 605 552 640 suum
582 589 754 638 vulnus
781 591 1041 654 aspiciens,
1071 588 1225 638 solum
1246 589 1520 638 insidiarum
1539 589 1801 638 remedium
1823 604 1934 638 esse

252 661 436 725 sensit,
473 663 510 708 si
550 674 647 708 non
683 659 1109 723 intellegerentur;
1139 660 1364 724 misitque
1399 658 1623 708 libertum
1650 658 1932 723 Agerinum,

254 734 332 797 qui
358 732 598 780 nuntiaret
637 729 735 778 lilio
774 729 1072 794 benignitate
1099 729 1239 778 deum
1275 737 1323 778 et
1360 729 1549 779 fortuna
1585 729 1689 778 eius
1716 730 1957 793 evasisse,

252 816 452 867 gravem
480 814 668 857 casum;
714 814 856 848 orare
891 807 942 848 ut
979 801 1194 865 quamvis
1230 799 1452 864 periculo
1480 799 1645 848 matris
1674 799 1935 848 exterritus

251 871 443 921 visendi
471 885 633 920 curam
664 868 902 927 differret;
942 869 1034 918 sibi
1059 870 1118 919 ad
1144 885 1380 935 praesens
1410 871 1570 934 quiete
1598 883 1737 934 opus.
1790 876 1934 933 atque

196 956 238 991 10
254 942 442 992 interim
490 941 752 990 securitate
796 939 1014 988 simulata
1062 939 1377 989 medicamina
1413 939 1600 989 vulneri
1638 946 1687 988 et
1723 939 1935 988 fomenta

257 1011 455 1077 corpori
491 1009 707 1066 adhibet;
756 1016 1091 1059 testamentum
1126 1010 1428 1059 Acerroniae
1478 1010 1659 1074 requiri
1709 1008 1934 1074 bonaque

257 1082 505 1145 obsignari
532 1079 682 1143 iubet,
704 1079 750 1128 id
776 1087 955 1128 tantum
979 1094 1076 1128 non
1106 1095 1193 1145 per
1221 1079 1588 1129 simulationem.

362 1153 410 1200 7.
444 1150 509 1200 At
532 1149 718 1199 Neroni
745 1151 937 1199 nuntios
967 1151 1138 1216 patrati
1163 1150 1396 1199 facinoris
1423 1150 1698 1215 opperienti
1722 1147 1934 1197 adfertur

258 1222 477 1272 evasisse
511 1221 624 1269 ictu:
645 1219 744 1269 levi
784 1221 994 1270 sauciam
1031 1228 1079 1269 et
1113 1221 1345 1269 hactenus
1383 1218 1511 1270 adito
1543 1219 1837 1281 discrimine,
1873 1233 1932 1267 ne

255 1300 424 1341 auctor
459 1290 772 1340 dubitaretur.
821 1298 917 1339 tum
953 1304 1137 1355 pavore
1172 1290 1402 1339 exanimis
1440 1297 1487 1338 et
1514 1290 1605 1338 iam
1642 1290 1829 1353 iamque
1856 1287 1934 1336 ad·

254 1363 363 1412 fore
386 1360 636 1410 obtestans
661 1359 902 1410 vindictae
928 1376 1216 1426 properam,
1256 1363 1358 1410 sive
1391 1361 1589 1409 servitia
1621 1365 1831 1409 armaret
1853 1357 1934 1406 vel

220 1433 453 1482 smilitem
481 1430 799 1494 accenderet,
840 1432 944 1480 sive
975 1431 1034 1480 ad
1060 1439 1274 1480 senatum
1299 1438 1347 1480 et
1375 1430 1603 1496 populum
1627 1427 1934 1494 pervaderet,

255 1502 555 1566 naufragium
584 1508 633 1549 et
667 1500 837 1550 vulnus
869 1508 917 1549 et
955 1501 1241 1550 interfectos
1266 1502 1448 1550 amicos
1483 1499 1768 1550 obiciendo:
1806 1497 1932 1563 quod

258 1581 425 1624 contra
452 1571 713 1620 subsidium
740 1569 865 1620 sibi?
899 1571 988 1620 nisi
1007 1570 1119 1636 quid
1138 1570 1317 1619 Burrus
1339 1579 1387 1620 et
1407 1571 1597 1619 Seneca
1624 1568 1931 1635 expedirent:

259 1657 383 1708 quos
419 1643 575 1691 statim
611 1643 884 1704 acciverat,
927 1643 1160 1690 incertum
1199 1655 1258 1689 an
1295 1649 1341 1689 et
1377 1648 1486 1689 ante
1523 1641 1737 1702 ignaros.
1790 1639 1934 1700 igitur
1975 1700 1976 1703 Ἴ

258 1714 456 1777 longum
495 1712 744 1776 utriusque
784 1711 1049 1774 silentium,
1096 1726 1157 1759 ne
1206 1711 1333 1758 inriti
1369 1709 1730 1771 dissuaderent,
1776 1723 1834 1756 an
1874 1722 1933 1756 eo
1975 1725 1976 1750 ³

202 1799 241 1832 10
259 1784 549 1833 descensum
577 1781 866 1844 credebant,
896 1786 972 1844 ut,
1010 1782 1100 1830 nisi
1126 1781 1493 1846 praeveniretur
1518 1779 1815 1844 Agrippina,
1852 1793 1934 1843 pe-

258 1851 488 1902 reundum
520 1850 704 1900 Neroni
744 1859 893 1900 esset.
948 1859 1056 1916 post
1082 1852 1271 1900 Seneca
1297 1850 1530 1899 hactenus
1558 1849 1856 1915 promptius,
1883 1852 1939 1896 ul

256 1924 532 1987 respiceret
567 1921 767 1970 Burrum
795 1937 853 1970 ac
889 1922 1220 1970 sciscitaretur
1258 1936 1317 1969 an
1350 1920 1483 1969 militi
1511 1918 1790 1984 imperanda
1826 1933 1935 1967 cae-

258 1994 344 2042 des
379 1999 526 2041 esset.
579 1992 662 2040 ille
697 1992 1035 2057 praetorianos
1066 1993 1153 2040 toti
1186 1990 1446 2040 Caesarum
1478 1989 1634 2039 domui
1672 1989 1936 2038 obstrictos

256 2077 596 2127 memoresque
620 2062 891 2112 Germanici
933 2062 1047 2111 nihil
1078 2062 1312 2111 adversus
1351 2061 1637 2125 progeniem
1667 2061 1770 2109 eius
1796 2065 1937 2107 atrox

202 2149 241 2182 εδ
261 2147 463 2183 ausuros
488 2133 763 2198 respondit:
796 2140 1104 2198 perpetraret
1140 2131 1374 2180 Anicetus
1403 2130 1655 2195 promissa.
1711 2130 1790 2193 qui
1819 2127 1935 2176 nihil

260 2210 509 2253 cunctatus
535 2205 698 2268 poscit
722 2218 949 2251 summam
975 2202 1198 2251 sceleris.
1256 2201 1313 2250 ad
1350 2215 1454 2249 cam
1482 2215 1653 2249 vocem
1679 2198 1812 2248 Nero
1849 2198 1934 2247 illo

259 2273 349 2322 sibi
387 2272 463 2322 die
502 2272 604 2322 dari
641 2274 889 2338 imperium
924 2281 1268 2336 auctoremque
1306 2272 1422 2320 tanti
1467 2270 1676 2319 muneris
1712 2268 1935 2319 libertum

258 2343 537 2409 profitetur:
577 2345 667 2392 iret
702 2358 913 2408 propere
955 2343 1252 2406 duceretque
1288 2342 1678 2406 promptissimos
1704 2339 1762 2388 ad
1787 2340 1931 2388 iussa.

258 2415 365 2479 ipse
421 2412 578 2462 audito
621 2415 814 2461 venisse
861 2414 1009 2461 missu
1047 2412 1351 2476 Agrippinae
1398 2412 1608 2459 nuntium
1650 2409 1932 2473 Agerinum,

201 2497 242 2531 ιο
260 2498 485 2533 scaenam
511 2483 636 2532 ultro
666 2484 873 2531 criminis
901 2491 1054 2548 parat,
1084 2482 1419 2545 gladiumque,
1447 2481 1555 2530 dum
1582 2479 1797 2529 mandata
1823 2493 1932 2543 per-

259 2555 377 2616 fert,
421 2553 564 2602 abicit
598 2557 722 2601 inter
760 2553 913 2618 pedes
953 2554 1078 2614 eius,
1121 2560 1215 2600 tum
1250 2553 1387 2616 quasi
1425 2551 1734 2616 deprehenso
1775 2549 1932 2597 vincla

259 2625 371 2671 inici
410 2624 567 2686 iubet,
611 2632 659 2672 ut
687 2625 879 2671 exitium
916 2624 1148 2688 principis
1184 2622 1395 2670 molitam
1433 2629 1629 2670 matrem
1669 2627 1716 2669 et
1746 2618 1933 2684 pudore

261 2694 554 2758 deprehensi
581 2694 781 2743 sceleris
811 2702 983 2758 sponte
1011 2701 1211 2741 mortem
1239 2693 1503 2757 sumpsisse
1535 2690 1851 2753 confingeret.

361 2762 408 2813 8.
445 2764 637 2813 Interim
665 2765 862 2827 vulgato
888 2764 1190 2829 Agrippinae
1222 2761 1469 2827 periculo,
1511 2761 1646 2825 quasi
1675 2774 1790 2809 casu
1819 2774 1930 2808 eve-

262 2833 431 2896 nisset,
461 2842 511 2882 ut
536 2836 739 2898 quisque
769 2842 1054 2898 acceperat,
1093 2833 1352 2881 decurrere
1384 2831 1441 2879 ad
1468 2831 1593 2878 litus.
1655 2829 1701 2878 hi
1738 2830 1931 2878 molium

266 2902 503 2965 obiectus,
536 2905 580 2952 hi
614 2905 860 2968 proximas
884 2903 1093 2969 scaphas
1133 2902 1390 2957 scandere;
1431 2900 1533 2962 alii,
1572 2907 1794 2964 quantum
1824 2913 1928 2948 cor·
