1950 3210
175 199 211 251 2
578 209 854 248 CORNELII
885 211 1085 249 'rAmTr
1112 211 1419 250 ANNALIUM

237 341 323 382 sari
347 340 458 390 vim,
502 338 656 379 Planco
706 344 884 379 mortem
929 340 1147 381 intentant.
1219 341 1290 382 40.
1347 340 1642 391 Germanicus,
1692 342 1778 384 filio
1817 349 1858 385 et

234 410 368 439 uxore
396 396 600 446 dimissis,
659 396 730 437 41.
759 396 882 436 militi
905 397 1203 450 paenitentiam
1229 398 1357 438 inicit.
1419 398 1490 438 42.
1519 398 1591 440 43.
1626 398 1733 439 Tum
1762 413 1858 441 eum

235 454 419 496 facunda
447 453 635 494 oratione
661 453 901 505 alloquitur.
950 455 1021 495 44.
1051 454 1200 503 Mutati
1213 466 1374 509 poenas
1397 456 1442 495 in
1467 467 1514 496 se
1530 456 1642 497 ultro
1662 464 1856 509 poscunt,

233 513 385 553 noxios
413 511 497 565 ipsi
533 511 730 564 puniunt.
785 509 1061 552 Centuriones
1096 512 1196 552 novi
1235 512 1414 554 suffecti.
1470 512 1541 554 45.
1579 514 1629 554 In
1667 515 1859 556 turbidos

233 571 300 610 vis
327 568 464 610 adhuc
490 573 679 621 paratur.
726 566 798 609 46.
829 567 1037 622 Trepidae
1065 568 1182 609 urbis
1210 581 1415 611 rumores.
1468 570 1540 611 47.
1565 569 1758 611 Tiberius
1779 572 1860 611 iter

234 627 420 668 simulat.
473 625 543 666 48.
585 623 822 665 Germanici
856 627 1011 666 minae.
1074 625 1147 667 49.
1189 626 1310 667 Miles
1345 638 1445 668 suos
1490 628 1728 668 turbatores
1766 629 1860 682 ipse

233 684 383 724 caedit.
434 681 504 723 50.
541 683 744 723 Furorem
780 682 990 736 expiaturi
1022 684 1068 723 in
1104 682 1270 724 hostem
1306 691 1418 725 eunt.
1483 683 1612 725 Marsi
1648 686 1857 738 oppressi.

231 741 303 782 51.
328 739 559 780 Tamfanae
582 739 786 793 templum
810 740 1008 782 dirutum.
1061 740 1246 782 Insidiae
1267 742 1311 781 in
1334 742 1472 783 reditu
1487 741 1643 784 irritae.
1691 742 1763 784 52.
1788 741 1859 782 Ti—

230 799 375 839 berius
410 797 600 851 maligne
638 797 784 838 laudat
824 795 1130 839 Germanicum.
1193 798 1265 840 53.
1305 798 1436 839 Iuliae
1470 810 1585 839 mors
1619 803 1660 839 et
1700 811 1854 840 mores.

236 853 448 895 Gracchus
478 867 640 895 caesus.
703 853 776 897 54.
814 852 989 895 Sodales
1025 855 1289 909 Augustales
1325 856 1616 896 instituuntur.
1681 855 1859 896 Histrio-

234 924 336 952 num
362 911 528 953 turbae.

314 969 385 1012 55.
422 969 621 1010 Proximo
661 981 771 1011 anno
804 970 850 1010 in
876 968 1047 1010 Chattos
1085 981 1306 1012 excursus.
1363 970 1601 1014 Arminius.
1643 968 1853 1023 Segestes.

234 1027 306 1071 56.
339 1026 477 1069 Chatti
504 1027 734 1080 improviso
765 1026 974 1081 oppressi,
999 1026 1192 1067 Mattium
1229 1027 1465 1070 incensum.
1534 1027 1607 1070 57.
1637 1025 1860 1080 Segestem

234 1086 454 1126 obsessum
484 1083 633 1124 liberat
659 1082 947 1133 Germanicus.
997 1083 1114 1125 Uxor
1143 1083 1326 1125 Arminii
1362 1091 1499 1139 capta.
1555 1083 1626 1126 58.
1668 1082 1860 1137 Segestis

234 1143 381 1185 oratio.
434 1140 634 1195 Segestes
667 1154 762 1182 cum
791 1142 881 1183 suis
904 1141 1088 1195 benigne
1115 1139 1296 1182 habitus.
1346 1142 1416 1184 59.
1444 1141 1662 1182 Arminius
1690 1141 1736 1181 in
1764 1152 1860 1182 eum

235 1206 274 1240 et
298 1200 513 1241 Romanos
532 1198 757 1240 invehitur.
785 1198 857 1242 60.
882 1197 1084 1240 Cherusci
1103 1204 1143 1239 et
1165 1198 1237 1238 alii
1255 1199 1404 1254 populi
1419 1198 1639 1241 rebellant.
1669 1197 1860 1238 Bructeri

230 1256 331 1299 fusi.
376 1256 446 1299 61.
472 1255 743 1297 Monumenta
779 1255 908 1296 eladis
932 1256 1159 1297 Varianae.
1224 1254 1294 1297 62.
1321 1256 1539 1308 Reliquiae
1574 1255 1690 1296 illius
1729 1254 1860 1297 cladis

231 1314 475 1364 tumulatae,
505 1313 767 1367 improbante
787 1313 969 1354 Tiberio.
1018 1312 1088 1354 63.
1115 1312 1267 1366 Pugna
1288 1326 1382 1355 cum
1403 1313 1612 1354 Arminio.
1628 1316 1641 1320 “
1659 1311 1732 1354 64.
1756 1310 1860 1352 Cae-

234 1373 370 1413 cinam
411 1370 502 1412 loco
535 1370 680 1423 iniquo
719 1370 968 1425 aggreditur
1004 1370 1221 1410 Arminius
1256 1370 1527 1424 intrepidum.
1598 1369 1671 1412 65.
1708 1368 1860 1410 Milites

235 1429 506 1471 consternati.
556 1426 762 1484 Caecinae
790 1429 1000 1469 somnium
1026 1427 1272 1468 infaustum.
1328 1427 1451 1470 Caesi
1488 1439 1624 1482 paene
1661 1426 1857 1467 Romani.

234 1486 307 1529 66.
353 1486 534 1527 Panicus
567 1490 703 1527 terror
745 1497 983 1539 repressus.
1061 1484 1133 1526 67.
1170 1483 1403 1526 Consilium
1439 1483 1644 1527 Caecinae
1692 1483 1746 1524 de
1793 1495 1862 1523 re·—

235 1555 372 1586 cessu.
435 1542 509 1586 68.
544 1542 665 1584 Felix
703 1543 882 1597 eruptio.
924 1541 1227 1584 Germanorum
1265 1542 1420 1584 clades.
1483 1541 1556 1584 69.
1595 1541 1861 1595 Agrippinae

231 1602 376 1643 viriles
416 1611 541 1641 curae
581 1600 796 1641 Tiberium
834 1600 1068 1640 offendunt.
1120 1598 1190 1640 70.
1219 1599 1432 1654 Legiones
1457 1605 1580 1640 aestu
1605 1597 1737 1638 maris
1765 1609 1861 1637 cum

229 1658 418 1714 periculo
447 1664 652 1701 revectae.
719 1658 790 1698 71.
819 1655 1061 1711 Segimerus
1085 1658 1129 1698 in
1158 1656 1416 1698 deditionem
1450 1662 1662 1712 acceptus.
1726 1655 1862 1696 Exer—

241 1717 348 1757 citus
377 1715 531 1756 damna
553 1714 761 1769 suppleta.
814 1714 883 1754 72.
902 1714 973 1755 73.
997 1714 1153 1755 Tiberii
1171 1713 1267 1754 ficta
1289 1714 1509 1756 modestia.
1547 1713 1639 1754 Lex
1662 1713 1862 1753 maiesta-

232 1774 287 1814 tis
311 1777 508 1813 revocata
542 1778 583 1812 et
612 1773 658 1812 in
686 1771 872 1812 minimis
902 1771 1155 1823 quibusdam
1183 1772 1382 1811 exercita.
1433 1771 1700 1812 Delationum
1727 1769 1861 1823 pestis

234 1830 408 1884 ingruit.
466 1828 536 1869 74.
565 1829 789 1870 Marcellus
812 1827 1044 1869 maiestatis
1077 1829 1331 1882 postulatus.
1396 1830 1444 1869 In
1482 1840 1578 1868 eum
1602 1827 1667 1867 ira
1704 1826 1863 1866 Tiberii

234 1888 456 1928 incautior.
510 1886 579 1927 75.
610 1886 767 1926 Tiberii
806 1885 1051 1926 liberalitas.
1107 1885 1176 1927 76.
1213 1885 1376 1926 Tiberis
1410 1884 1643 1926 inundatio.
1701 1881 1862 1923 Achaia

200 1982 204 1991 „
235 1951 277 1985 et
304 1943 552 1984 Macedonia
581 1945 757 1984 levatae.
813 1942 940 1982 Drusi
964 1955 1131 1983 munus.
1181 1943 1251 1983 77.
1277 1942 1446 1983 Theatri
1473 1942 1641 1982 licentia
1665 1941 1860 1981 coercita.

236 2001 316 2044 78.
334 2000 554 2054 Templum
589 2000 789 2054 Augusti.
831 1998 1082 2041 Centesima.
1140 1999 1211 2042 79.
1247 1999 1316 2040 An
1349 2012 1485 2051 aquae
1523 1998 1664 2039 Tiberi
1703 1997 1863 2038 subdu-

236 2058 411 2101 cendae.
471 2055 542 2098 80.
579 2057 771 2098 Tiberius
811 2069 885 2097 cur
926 2057 1146 2111 praesides
1185 2069 1279 2098 raro
1308 2057 1493 2097 mutarit.
1559 2055 1631 2096 81.
1663 2054 1861 2096 Comitio-

238 2128 335 2156 rum
361 2113 542 2155 confusa
565 2115 688 2154 ratio.

323 2172 437 2212 Haec
475 2170 565 2212 fere
589 2171 758 2211 biennio
793 2177 916 2225 gesta
953 2182 1064 2211 coss.
1094 2169 1195 2211 Sex.
1222 2170 1423 2224 Pompeio
1463 2174 1503 2209 et
1533 2167 1632 2210 Sex.
1662 2167 1860 2222 Apuleio,

236 2229 404 2269 Nerone
433 2227 608 2269 Claudio
634 2228 772 2268 Druso
802 2227 982 2269 Caesare
1008 2232 1048 2267 et
1077 2226 1122 2268 C.
1152 2227 1374 2277 Norbano,
1402 2226 1525 2267 annis
1555 2238 1593 2266 a.
1623 2237 1666 2266 u.
1694 2237 1730 2265 c.
1759 2224 1858 2266 767.

239 2290 279 2326 et
304 2284 420 2334 768.,
450 2291 547 2337 post
575 2285 672 2327 Chr.
705 2296 747 2323 n.
782 2286 851 2326 14.
883 2290 922 2324 et
951 2284 1020 2324 15.

290 2369 334 2415 1.
377 2367 561 2417 Urbem
586 2368 787 2418 Romam
811 2383 837 2416 a
865 2368 1102 2432 principio
1129 2381 1275 2431 reges
1307 2367 1550 2424 habuere;
1587 2366 1860 2416 libertatem

180 2446 231 2487 et
257 2436 557 2486 consulatum
590 2437 642 2486 L.
667 2438 840 2486 Brutus
874 2439 1089 2486 instituit.
1154 2438 1420 2486 dictaturae
1458 2437 1518 2486 ad
1553 2443 1742 2501 tempus
1779 2451 1857 2483 su·

179 2505 455 2562 mebantur;
485 2521 646 2571 neque
671 2507 1008 2556 decemviralis
1030 2514 1249 2571 potestas
1269 2507 1394 2555 ultra
1414 2505 1671 2566 biennium,
1700 2519 1860 2568 neque

180 2576 480 2626 tribunorum
501 2577 699 2625 militum
729 2577 985 2626 consulare
1013 2577 1085 2624 ius
1113 2577 1189 2625 diu
1210 2577 1374 2626 valuit.
1422 2590 1517 2624 non
1539 2573 1739 2637 Cinnae,
1764 2588 1860 2622 non

136 2656 160 2689 ⁸
182 2645 348 2697 Sullae
384 2646 531 2709 longa
571 2646 856 2702 dominatio;
900 2654 946 2695 et
982 2646 1180 2710 Pompei
1219 2645 1479 2708 Crassique
1517 2644 1734 2708 potentia
1762 2645 1857 2692 cito

182 2717 231 2763 in
263 2713 544 2778 Caesarem,
575 2715 745 2781 Lepidi
773 2724 915 2779 atque
945 2715 1139 2764 Antonii
1169 2730 1298 2764 arma
1325 2717 1372 2763 in
1397 2714 1663 2777 Augustum
1692 2728 1856 2762 cesse-

181 2799 255 2846 re,
289 2786 368 2847 qui
397 2793 566 2834 cuncta
591 2786 844 2835 discordiis
873 2785 1094 2834 civilibus
1121 2785 1252 2833 fessa
1280 2785 1471 2832 nomine
1510 2783 1740 2847 principis
1769 2783 1856 2830 sub

181 2854 431 2918 imperium
459 2856 669 2919 accepit.
720 2855 809 2903 sed
843 2856 1025 2903 veteris
1061 2855 1229 2919 populi
1264 2853 1466 2903 Romani
1501 2867 1741 2917 prospera
1775 2851 1857 2900 vel

182 2922 389 2973 adversa
425 2923 568 2973 claris
610 2924 926 2989 scriptoribus
972 2931 1232 2973 memorata
1285 2931 1416 2981 sunt;
1459 2921 1856 2987 temporibusque
