1976 3224
226 198 329 249 306
661 207 933 246 CORNELII
956 208 1150 245 'mom
1177 209 1476 247 ANNALmM

227 336 286 385 de
313 350 408 400 quo
434 351 578 400 supra
598 335 792 397 rettuli,
834 343 1069 384 vetustate
1097 336 1315 384 obtusum
1352 337 1638 401 increpans,
1675 338 1890 401 asperari

229 421 348 454 saxo
371 407 490 453 etin
518 418 796 453 mucronem
827 404 1084 454 ardescere
1118 407 1255 453 iussit
1287 420 1487 469 eamque
1520 422 1681 456 curam
1715 407 1889 456 liberto

225 474 424 525 Milicho
470 473 722 523 mandavit.
789 474 925 522 simul
971 474 1251 523 adfluentius
1294 475 1440 523 solito
1493 478 1763 525 convivium
1805 478 1887 525 ini-

227 552 351 606 tum,
392 558 643 592 servorum
672 545 903 592 carissimi
933 544 1155 593 libertate
1183 552 1230 592 et
1257 544 1333 593 alii
1361 547 1567 609 pecunia
1592 546 1767 595 donati.
1822 554 1888 594 at-

170 631 211 665 10
230 628 322 679 que
358 614 464 678 ipse
507 620 717 662 maestus
765 621 812 662 et
849 628 1052 678 magnae
1103 615 1412 677 cogitationis
1454 616 1733 664 manifestus
1768 623 1888 679 erat,

227 683 442 748 quamvis
467 682 694 731 laetitiam
713 684 851 746 vagis
877 683 1177 733 sermonibus
1197 684 1458 733 simularet.
1517 693 1763 750 postremo
1784 685 1888 734 vol-

225 752 420 802 neribus
455 752 712 816 ligamenta
749 752 1018 817 quibusque
1056 755 1235 802 sistitur
1261 755 1456 817 sanguis
1482 769 1655 818 parare
1687 754 1889 804 eundem

224 821 466 872 Milichum
500 828 687 884 monet,
726 822 829 871 sive
866 837 1063 885 gnarum
1107 825 1447 872 coniurationis
1485 832 1534 873 et
1576 825 1690 874 illuc
1736 839 1889 888 usque

225 891 390 956 fidum,
436 906 520 940 seu
556 892 771 940 nescium
814 899 862 941 et
895 899 1006 940 tunc
1043 893 1243 957 primum
1280 894 1488 958 arreptis
1527 893 1889 959 suspition'ibuS,

168 978 207 1012 15
224 969 275 1010 ut
309 961 531 1026 plerique
565 960 833 1025 tradidere,
875 961 934 1010 de
971 962 1394 1027 consequentibus
1444 977 1551 1011 nam
1591 978 1695 1013 cum
1725 978 1889 1012 secum

225 1031 414 1080 servilis
440 1033 622 1079 animus
654 1032 864 1094 praemia
886 1030 1116 1096 perfidiae
1142 1035 1382 1097 reputavit
1407 1032 1642 1099 simulque
1673 1035 1888 1082 inmensa

224 1101 427 1165 pecunia
466 1107 513 1148 et
552 1100 766 1164 potentia
810 1100 1216 1164 obversabantur,
1261 1103 1410 1151 cessit
1448 1102 1524 1152 fas
1567 1110 1615 1151 et
1649 1103 1779 1151 salus
1806 1118 1887 1168 pa-

222 1171 347 1219 troni
384 1177 432 1218 et
471 1175 706 1233 acceptae
743 1168 978 1219 libertatis
1007 1172 1252 1219 memoria.
1298 1171 1472 1220 etenim
1501 1173 1667 1221 uxoris
1695 1187 1890 1238 quoque

226 1239 476 1289 consilium
508 1238 842 1303 adsumpserat
875 1239 1110 1289 muliebre
1151 1255 1209 1289 ac
1258 1240 1493 1291 deterius:
1546 1242 1726 1308 quippe
1762 1242 1887 1291 ultro

166 1323 207 1356 20
223 1316 397 1358 metum
432 1308 720 1371 intentabat,
766 1309 1039 1374 multosque
1081 1308 1322 1359 adstitisse
1359 1310 1563 1360 libertos
1602 1326 1660 1360 ac
1699 1326 1886 1375 servoS,

225 1380 302 1444 qui
325 1378 494 1428 eadem
514 1377 743 1435 viderint3
773 1378 888 1427 nihil
911 1379 1205 1443 profuturum
1225 1381 1360 1428 unius
1382 1379 1648 1439 silentium;
1680 1389 1727 1430 at
1747 1396 1886 1445 prae-

222 1449 313 1498 mia
341 1463 495 1513 penes
519 1463 659 1496 unum
683 1448 819 1512 fore,
847 1450 926 1512 qui
953 1448 1129 1498 indicio
1157 1451 1507 1514 praevenisset.

329 1518 413 1568 55.
444 1517 596 1580 Igitur
622 1525 798 1581 coepta
822 1517 931 1567 luce
953 1518 1174 1568 Milichus
1198 1519 1246 1567 in
1267 1518 1435 1568 hortos
1453 1519 1751 1569 Servilianos
1778 1535 1887 1584 per·

222 1590 316 1652 git;
353 1594 401 1636 et
432 1602 537 1636 cum
560 1586 746 1636 foribus
776 1594 1040 1651 arceretur,
1065 1603 1239 1652 magna
1267 1595 1315 1637 et
1335 1591 1518 1638 atrocia
1538 1589 1731 1639 adferre
1754 1589 1886 1639 dicti-

222 1666 327 1707 tans
363 1657 690 1721 deductusque
727 1656 786 1706 ab
830 1657 1111 1711 ianitoribus
1156 1656 1216 1706 ad
1257 1657 1479 1707 libertum
1515 1657 1726 1708 Neronis
1759 1658 1885 1723 Epa-

221 1727 508 1793 phroditum,
534 1741 647 1775 mox
666 1726 734 1775 ab
763 1741 822 1776 eo
853 1726 912 1776 ad
935 1726 1205 1790 Neronem,
1237 1742 1449 1791 urguens
1467 1727 1749 1793 periculum,
1775 1742 1885 1792 gra·

184 1812 311 1849 sves
357 1798 632 1846 coniuratos
669 1803 716 1844 et
766 1803 930 1845 cetera
973 1812 1096 1861 quae
1141 1796 1355 1846 audierat
1398 1803 1491 1847 aut
1530 1799 1888 1848 coniectaverat

221 1867 380 1916 docet.
431 1866 579 1915 telum
618 1879 811 1930 quoque
851 1867 898 1914 in
934 1881 1105 1915 necem
1144 1867 1246 1915 eius
1275 1875 1491 1932 paratum
1516 1867 1727 1918 ostendit
1761 1868 1885 1916 acci-

220 1939 357 2002 rique
393 1950 527 1985 reum
561 1935 714 1984 iussit.
765 1936 806 1984 is
844 1942 1010 2001 raptus
1049 1952 1138 2002 per
1168 1935 1345 1986 milites
1372 1944 1420 1986 et
1449 1937 1783 1987 defensionem
1809 1951 1885 1986 or-

221 2023 329 2070 suS,
370 2006 576 2069 ferrum,
617 2005 749 2054 cuius
779 2013 1085 2070 argueretur,
1126 2005 1240 2055 olim
1264 2006 1503 2069 religione
1527 2007 1680 2074 patria
1712 2007 1887 2057 cultum

221 2084 268 2125 et
292 2078 339 2124 in
367 2075 589 2125 cubiculo
620 2074 829 2125 habitum
859 2090 917 2125 ac
940 2075 1110 2132 fraude
1131 2075 1291 2126 liberti
1313 2075 1592 2142 subreptum
1615 2076 1885 2142 respondit,

162 2164 203 2199 ιο
220 2145 405 2196 tabulas
438 2146 707 2196 testamenti
741 2146 999 2211 saepius'a
1024 2161 1079 2195 se
1108 2152 1156 2196 et
1183 2146 1471 2196 incustodita
1498 2146 1680 2197 dierum
1717 2147 1884 2196 obser·

221 2217 410 2266 vatione
449 2217 678 2280 signatas.
731 2217 962 2283 pecunias
1002 2223 1049 2265 et
1074 2216 1327 2266 libertates
1354 2218 1510 2266 servis
1544 2224 1591 2266 et
1620 2224 1730 2266 ante
1755 2216 1883 2266 dono

219 2286 371 2350 datas,
399 2286 486 2336 sed
509 2286 621 2335 ideo
649 2294 763 2336 tunc
785 2286 985 2350 largiuS,
1010 2287 1119 2351 quia
1148 2287 1277 2335 tenui
1303 2287 1396 2336 iam
1420 2302 1474 2336 re
1498 2287 1720 2338 familiari
1742 2295 1790 2335 et
1810 2289 1883 2336 in-

220 2356 453 2406 stantibus
480 2355 800 2405 creditoribus
825 2363 1113 2406 testamento
1135 2354 1391 2405 diffideret.
1444 2358 1689 2406 enimvero
1709 2356 1883 2405 libera-

218 2426 292 2476 les
329 2441 522 2492 semper
561 2425 731 2490 epulas
764 2427 1024 2490 struxisse,
1070 2433 1119 2474 et
1143 2426 1288 2476 vitam
1313 2440 1561 2476 amoenam
1586 2433 1634 2475 et
1661 2425 1790 2475 duris
1815 2426 1883 2474 iu·

164 2519 202 2551 15
220 2496 403 2546 dicibus
424 2511 587 2562 parum
610 2495 874 2561 probatam.
923 2496 1134 2544 fomenta
1153 2495 1435 2545 volneribus
1459 2496 1588 2546 nulla
1615 2497 1747 2545 iussu
1774 2510 1883 2558 suo,

219 2566 304 2616 sed
342 2568 452 2632 quia
489 2573 653 2615 cetera
691 2566 847 2632 palam
886 2581 1007 2615 vana
1043 2564 1334 2628 obiecisset,
1385 2565 1650 2630 adiungere
1687 2567 1881 2627 crimen,

221 2639 352 2686 cuius
389 2651 501 2687 sese
551 2637 733 2700 pariter
770 2635 972 2685 indicem
1004 2642 1052 2685 et
1089 2643 1261 2685 testem
1297 2635 1502 2688 faceret.
1553 2635 1698 2685 adicit
1741 2634 1882 2683 dictis

221 2709 555 2763 constantiam
579 2708 763 2756 incusat
782 2707 908 2756 ultro
928 2705 1249 2755 intestabilem
1270 2712 1318 2755 et
1339 2705 1738 2767 consceleratum,
1754 2710 1883 2753 tanta

223 2779 358 2826 vocis
384 2791 442 2827 ac
466 2775 623 2825 vultus
651 2778 934 2839 securitate,
961 2784 1011 2825 ut
1035 2775 1222 2825 labaret
1251 2775 1496 2838 indicium,
1523 2775 1613 2823 nisi
1637 2772 1880 2823 Milichum

162 2862 206 2897 20
222 2862 344 2896 uxor
369 2847 695 2896 admonuisset
721 2845 977 2895 Antonium
1004 2844 1223 2895 Natalem
1248 2846 1392 2895 multa
1421 2859 1525 2894 cum
1553 2844 1794 2892 Scaevino
1823 2856 1880 2889 ac

222 2924 414 2966 secreta
442 2915 744 2965 conlocutum
770 2924 817 2966 et
844 2931 955 2965 esse
983 2923 1215 2979 utrosque
1244 2914 1297 2964 C.
1325 2914 1510 2963 Pisonis
1535 2914 1743 2962 intimos.
