1976 3224
562 193 735 231 Lmen
755 194 849 231 xv.
873 193 996 232 cAP.
1018 193 1217 235 11—15.
1620 185 1722 237 289

59 321 374 372 consuluisse.
440 336 530 385 qua
567 321 909 385 desperatione
951 322 1200 370 exercitus
1235 322 1330 371 dux
1365 322 1592 372 subactus
1627 324 1722 387 pri-

27 403 32 411 “
55 407 157 440 mas
185 399 341 439 tamen
369 390 533 440 literas
556 391 616 439 ad
636 391 923 454 Vologesen
950 405 1045 439 non
1065 391 1331 455 suppliceS,
1359 392 1446 440 sed
1466 393 1513 440 in
1533 393 1721 441 modum

34 461 303 525 ”querentis
345 462 641 525 composuit,
684 460 812 525 quod
847 474 938 524 pro
974 460 1213 509 Armeniis
1251 462 1719 526 semp-er‘Romanae

56 530 260 579 dicionis
285 536 363 578 aut
388 528 619 579 subiectis
644 530 770 592 regi,
800 544 940 594 quem
966 531 1230 595 imperator
1256 529 1547 594 delegisset,
1573 530 1721 580 hosti-

54 599 117 649 lia
151 599 362 648 faceret:
411 613 580 664 pacem
618 614 682 647 ex
718 614 874 664 aequo
912 599 1096 655 utilem:
1135 614 1196 647 ne
1219 602 1507 664 ‘praesentia
1540 607 1719 650 tantum
1739 613 1779 646 15

55 675 317 734 spectaret.
366 671 523 733 ipsum
555 668 792 717 adversus
828 669 947 718 duas
982 669 1207 732 legiones
1225 670 1348 718 ’totis
1373 671 1514 733 regni
1539 670 1723 718 viribus

54 738 337 788 advenisse:
362 745 412 787 at
435 739 665 788 Romanis
686 739 858 787 vorbem
883 746 1117 787 terrarum
1140 737 1391 803 reliquum,
1418 753 1515 803 quo
1541 739 1722 789 bellum

42 809 287 857 iuvarent.

157 877 238 925 14.
273 876 352 926 Ad
389 892 448 926 ea
467 872 754 940 'Vologeses
782 876 898 924 nihil
922 892 1026 941 fipro
1064 892 1232 941 causa,
1271 878 1358 926 sed
1392 878 1721 943 opperiendos

53 945 144 994 sibi
167 946 344 995 fratres
367 945 602 995 Pacorum
626 960 685 995 ac
706 945 949 995 Tiridaten
968 948 1246 1011 rescripsit;
1273 946 1405 996 illum
1425 947 1719 997 locumtem-

52 1028 241 1080 pusque
268 1015 471 1066 consilio
489 1015 812 1077 destinatum,
844 1014 956 1080 quid
983 1015 1042 1063 de
1070 1015 1298 1065 Armenia
1327 1025 1608 1073 cernerent:
1641 1017 1720 1068 ad-

50 1087 231 1133 iecisse
256 1085 375 1135 deos
406 1085 600 1149 dignum
626 1085 982 1147 Arsacidarum,
999 1085 1224 1134 ‘simul’ut
1239 1085 1304 1134 de
1324 1086 1602 1149 legionibus
1621 1088 1719 1137 Ro·

50 1155 202 1203 manis
226 1162 519 1203 statuerent.
555 1154 702 1203 missi
738 1154 943 1220 posthac
979 1154 1128 1203 Paeto
1154 1155 1315 1203 rnuntii
1350 1163 1399 1204 et
1431 1157 1568 1219 regis
1606 1171 1719 1206 con·
1743 1177 1762 1207 5

51 1224 264 1289 loquium
291 1225 515 1288 petitum,
557 1226 636 1289 qui
656 1225 886 1272 xVasacen
920 1223 1221 1288 praefectum
1249 1220 1487 1289 equitatus
1521 1226 1593 1274 ire
1627 1228 1719 1275 ius·

52 1293 130 1341 sit.
181 1301 276 1341 tum
300 1293 477 1342 Paetus
503 1292 755 1356 Lucullos,
783 1293 1045 1357 Pompeios
1074 1300 1122 1341 et
1147 1295 1187 1342 si
1209 1292 1568 1357 qua·Caesares
1595 1297 1718 1360 opti-

50 1362 239 1412 nendae
283 1363 596 1412 donandaeve
635 1363 892 1411 Armeniae
928 1370 1155 1425 egerant,
1205 1364 1427 1412 Vasaces
1463 1365 1718 1428 imaginem

49 1430 285 1481 retinendi
314 1432 613 1496 largiendive
633 1447 791 1496 penes
817 1447 923 1493 nos,
950 1434 1221 1496 vim'penes
1243 1431 1718 1483 Parthos-memorat.

51 1509 99 1550 et
122 1501 315 1550 multum
339 1503 386 1550 in
411 1503 566 1551 vicem
591 1502 877 1566 disceptatu,
898 1501 1205 1550 'Monobazus
1220 1501 1499 1551 Adiabenus
1523 1504 1571 1551 in
1591 1503 1716 1552 diem
1736 1523 1777 1556 ιο

51 1578 299 1636 posterum
335 1573 471 1620 testis
511 1574 570 1620 iis
610 1586 731 1635 quae
767 1572 1079 1635 pepigissent
1111 1570 1388 1620 adhibetur.
1441 1573 1719 1638 placuitque

48 1641 245 1690 liberari
285 1641 473 1691 obsidio
510 1641 732 1703 legiones
760 1648 806 1689 et
825 1639 1077 1689 'decedere
1106 1654 1292 1689 omnem
1323 1641 1519 1690 militem
1546 1642 1719 1691 finibus

49 1711 384 1760 Armeniorum
427 1711 724 1775 castellaque
772 1717 819 1758 et
867 1717 1159 1759 commeatus
1194 1710 1380 1759 Parthis
1421 1711 1570 1775 tradi,
1618 1712 1718 1777 qui-

49 1780 138 1828 bus
178 1782 472 1844 perpetratis
511 1782 654 1845 copia
681 1779 927 1843 Vologesi
960 1781 1107 1828 'fieret
1141 1780 1358 1828 mittendi
1391 1780 1452 1829 ad
1474 1779 1719 1830 Neronem

50 1850 96 1898 le
137 1857 260 1898 ame.

100 1865 133 1912 g
155 1919 235 1966 15.
278 1917 471 1966 Interim
496 1918 675 1966 flumini
699 1918 934 1966 Arsaniae
964 1918 1030 1981 (is
1060 1926 1215 1966 castra
1246 1918 1571 1982 praefluebat)
1601 1934 1716 1984 pon-

51 1996 144 2037 tem
170 1989 421 2052 imposuit,
462 1988 630 2052 specie
668 1987 758 2035 sibi
795 1986 912 2035 illud
945 1988 1037 2034 iter
1064 1987 1392 2050 expedientiS,
1434 1987 1521 2036 sed
1556 1987 1719 2037 Parthi

52 2059 186 2122 quasi
213 2057 544 2106 documentum
569 2058 804 2106 victoriae
830 2057 1091 2111 iusserant:
1134 2070 1339 2120 namque
1375 2058 1433 2104 iis
1468 2058 1571 2105 usui
1613 2057 1716 2120 fuit,

49 2128 200 2176 nostri
235 2142 324 2191 per
362 2127 602 2176 diversum
634 2128 754 2174 iere.
811 2125 991 2174 addidit
1028 2139 1190 2174 rumor
1226 2124 1312 2173 sub
1350 2126 1511 2188 iugum
1545 2127 1717 2175 missas

49 2196 272 2260 legiones
310 2205 358 2245 et
392 2197 483 2246 alia
521 2212 583 2244 ex
619 2195 764 2244 rebus
800 2195 1041 2258 infaustiS,
1083 2209 1284 2259 quorum
1320 2194 1625 2244 simulacrum
1657 2195 1716 2244 ab
1740 2209 1759 2239 5

50 2266 289 2314 Armeniis
316 2274 590 2330 usurpatum
618 2273 706 2312 est.
751 2279 955 2328 namque
983 2272 1030 2312 et
1049 2265 1337 2313 munimenta
1359 2265 1570 2327 ingressi
1592 2273 1716 2328 suut,

49 2343 305 2399 antequam
333 2351 503 2398 agmen
532 2334 795 2382 Romanum
823 2333 1102 2394 excederet,
1131 2341 1177 2381 ct
1204 2335 1568 2382 circumstetere
1598 2335 1716 2396 viaS,

51 2406 239 2468 captiva
283 2405 394 2453 olim
429 2405 667 2468 mancipia
702 2412 780 2452 aut
817 2404 1024 2453 iumenta
1050 2402 1410 2466 adgnoscentes
1435 2402 1716 2452 abstrahen-

50 2481 237 2537 tesque.
291 2482 458 2538 raptae
485 2475 625 2523 etiam
651 2481 842 2536 vesteS,
879 2480 1066 2522 retenta
1092 2487 1249 2536 arma,
1287 2472 1464 2537 pavido
1492 2472 1641 2520 milite
1671 2480 1717 2520 et

52 2543 377 2604 concedente,
414 2559 475 2591 ne
509 2558 602 2607 qua
643 2543 818 2607 proelii
855 2558 998 2592 causa
1034 2543 1281 2595 existeret.
1333 2542 1616 2605 Vologeses
1640 2557 1712 2591 ar·
1734 2556 1773 2588 10

49 2613 136 2659 mis
164 2620 211 2660 et
240 2612 528 2677 corporibus
555 2627 805 2661 caesorum
835 2613 1108 2675 aggeratiS,
1146 2626 1241 2676 quo
1280 2610 1466 2660 cladem
1501 2618 1714 2660 nostram

50 2687 336 2744 testaretur,
374 2683 478 2730 visu
516 2682 797 2744 fugientium
833 2681 1078 2743 legionum
1114 2680 1353 2729 abstinuit.
1404 2680 1529 2729 fama
1554 2680 1713 2729 mode-

52 2751 250 2799 rationis
277 2751 611 2815 quaerebatur,
641 2758 894 2814 postquam
917 2749 1190 2814 superbiam
1213 2750 1515 2813 expleverat.
1542 2750 1717 2798 flumen

54 2818 304 2869 Arsaniam
342 2821 600 2885 elephanto
642 2819 882 2881 insidens,
933 2820 1176 2883 proximus
1226 2821 1428 2883 quisque
1463 2834 1631 2882 regem
1671 2820 1717 2866 vi

0 2886 1 2934 ἰ
54 2901 282 2949 equorum
310 2905 592 2954 perrupere,
626 2891 733 2953 quia
760 2904 921 2937 rumor
947 2890 1214 2938 incesserat
1244 2896 1438 2952 pontem
1468 2903 1714 2936 cessurum
1734 2908 1772 2939 ιε,

0 3021 2 3142 ἵ

0 3143 3 3224 ι

125 2974 263 3005 ΓΑΟΠῚ
300 2976 414 3007 PARS
445 2978 473 3007 1.
1389 2956 1448 3005 19
