1950 3210
690 225 865 261 LIBER
886 226 920 263 1.
948 225 1070 263 CAP.
1094 225 1234 266 1-3.
1789 213 1821 262 3

157 354 360 414 Augusti
388 352 604 401 dicendis
630 366 724 400 non
746 353 947 401 defuere
970 354 1148 402 decora
1169 354 1376 416 ingenia,
1407 354 1562 401 donec
1584 354 1820 416 gliscente
1839 366 1881 400 10
1935 367 1945 406 ς’

156 422 429 471 adulatione
456 422 829 470 deterrerentur.
881 423 1064 471 Tiberii
1087 423 1268 486 Gaique
1297 431 1347 471 et
1375 421 1561 472 Claudii
1589 439 1646 472 ac
1665 423 1820 471 Nero-

156 493 226 539 nis
252 506 332 539 res
359 491 644 539 florentibus
668 493 786 555 ipsis
815 492 876 540 ob
903 501 1079 541 metum
1115 493 1296 557 falsae,
1337 501 1592 557 postquam
1630 493 1820 541 occide-

154 568 277 622 rant,
309 561 585 609 recentibus
613 561 733 609 odiis
761 563 1061 626 compositae
1096 570 1218 611 sunt.
1275 563 1386 611 inde
1424 563 1673 610 consilium
1709 562 1822 610 mihi

155 645 308 695 pauca
335 630 394 678 de
424 631 644 693 Augusto
673 638 719 679 et
749 640 963 680 extrema
990 633 1210 697 tradere,
1237 648 1351 681 mox
1375 632 1554 681 Tiberii
1581 635 1818 696 principa-

154 707 249 748 tum
277 707 323 748 et
340 707 520 761 cetera,
549 702 652 747 sine
672 701 740 748 ira
764 708 811 748 et
834 702 1009 763 studio,
1034 717 1233 764 quorum
1255 718 1425 751 causas
1449 702 1620 766 procul
1642 702 1815 750 habeo.
1838 714 1878 746 15
1908 710 1922 790 s

256 770 302 817 2.
338 769 593 833 Postquam
618 769 763 818 Bruto
796 778 845 818 et
875 770 1046 819 Cassio
1076 772 1231 820 caesis
1257 772 1386 820 nulla
1416 773 1507 820 iam
1530 772 1725 835 publica
1746 787 1818 820 ar-

152 849 245 900 ma,
276 839 532 902 Pompeius
560 839 685 903 apud
717 840 927 888 Siciliam
955 854 1220 903 oppressus
1250 849 1492 904 exutoque
1523 841 1724 904 Lepido,
1753 842 1818 888 in-

153 909 359 958 terfecto
386 907 594 957 Antonio
621 923 681 956 ne
706 908 898 958 Iulianis
926 910 1117 973 quidem
1144 910 1361 974 partibus
1390 911 1481 958 nisi
1510 909 1692 958 Caesar
1726 911 1821 958 dux

153 979 395 1043 reliquus,
435 979 596 1042 posito
634 979 864 1027 triumviri
898 980 1088 1027 nomine
1128 980 1375 1028 consulem
1405 995 1459 1028 se
1489 980 1654 1028 ferens
1682 987 1729 1028 et
1760 980 1819 1028 ad

153 1049 375 1098 tuendam
397 1048 591 1113 plebem
616 1044 866 1097 tribunicio
892 1050 995 1097 iure
1017 1057 1318 1111 contentum,
1346 1049 1425 1097 ubi
1445 1050 1641 1098 militem
1663 1050 1817 1110 doniS,
1839 1067 1860 1098 5

155 1118 383 1183 populum
409 1132 623 1181 annona,
653 1126 851 1166 cunctos
888 1119 1143 1167 dulcedine
1179 1120 1260 1167 otii
1292 1119 1523 1183 pellexit,
1566 1120 1820 1182 insurgere

154 1189 405 1252 paulatim,
435 1189 590 1236 munia
618 1196 810 1237 senatus
837 1189 1197 1250 magistratuum
1235 1190 1397 1251 legum
1437 1190 1483 1236 in
1517 1203 1571 1235 se
1606 1189 1818 1249 trahere,

156 1258 284 1306 nullo
313 1259 618 1319 adversante,
651 1273 755 1305 cum
782 1258 1070 1307 ferocissimi
1097 1274 1186 1322 per
1211 1259 1343 1307 acies
1363 1254 1442 1307 aut
1462 1259 1820 1321 proscriptione

157 1328 475 1389 cecidissent,
513 1328 663 1376 ceteri
687 1327 940 1389 nobilium,
970 1336 1145 1392 quanto
1175 1329 1281 1393 quis
1308 1329 1505 1376 servitio
1533 1330 1817 1392 promptior,

158 1396 326 1461 opibus
371 1405 418 1446 et
452 1397 715 1445 honoribus
759 1397 1109 1446 extollerentur
1141 1413 1198 1446 ac
1231 1400 1370 1445 novis
1409 1412 1470 1445 ex
1506 1397 1654 1446 rebus
1694 1398 1818 1445 aucti
1836 1411 1872 1444 w

155 1474 252 1515 tuta
280 1473 328 1514 et
359 1468 633 1530 praesentia
660 1482 797 1530 quam
825 1474 994 1516 vetera
1023 1476 1070 1516 et
1095 1468 1373 1531 periculosa
1399 1467 1611 1516 mallent.
1658 1482 1818 1530 neque

154 1537 432 1600 provinciae
459 1536 590 1584 illum
615 1551 773 1584 rerum
809 1544 980 1584 statum
1020 1537 1319 1599 abnuebant,
1357 1544 1586 1600 suspecto
1622 1543 1818 1584 senatus

154 1605 417 1670 populique
444 1605 644 1669 imperio
672 1606 733 1654 ob
763 1609 1021 1654 certamina
1058 1608 1324 1670 potentium
1363 1614 1411 1654 et
1445 1607 1689 1655 avaritiam
1722 1621 1818 1654 ma-

153 1675 450 1738 gistratuum,
481 1675 690 1723 invalido
715 1675 876 1738 legum
903 1676 1109 1738 auxili0,
1137 1691 1259 1739 quae
1295 1676 1360 1738 vi,
1387 1675 1592 1737 ambitu,
1630 1683 1817 1738 postre-

154 1759 231 1793 mo
259 1745 463 1808 pecunia
488 1743 815 1794 turbabantur.
1836 1756 1877 1789 15

259 1814 305 1862 3.
348 1812 570 1862 Ceterum
599 1814 846 1876 Augustus
867 1814 1078 1862 subsidia
1099 1814 1407 1863 dominationi
1430 1813 1676 1863 Claudium
1695 1813 1818 1861 Mar-

111 1894 119 1902 ’
157 1882 328 1931 cellum
366 1885 547 1930 sororis
583 1883 727 1931 filium
764 1884 1013 1931 admodum
1056 1884 1416 1933 adulescentem
1453 1884 1732 1947 pontificatu
1772 1890 1820 1931 et

157 1952 309 2000 curuli
335 1952 598 2012 aedilitate,
627 1951 690 1999 M.
717 1952 982 2015 Agrippam
1006 1953 1268 2014 ignobilem
1294 1954 1424 2015 loc0,
1452 1953 1628 2001 bonum
1654 1952 1818 1999 militia

157 2028 204 2069 et
228 2022 460 2068 victoriae
488 2022 688 2083 socium,
719 2022 971 2083 geminatis
1000 2022 1326 2070 consulatibus
1355 2024 1550 2082 extulit,
1587 2035 1699 2085 mox
1712 2031 1719 2035 '⁴
1735 2022 1817 2069 de-

154 2090 318 2139 functo
339 2089 572 2138 Marcello
590 2105 820 2152 generum
840 2091 1062 2155 sumpsit;
1086 2090 1327 2139 Tiberium
1346 2091 1587 2139 Neronem
1610 2086 1657 2138 et
1679 2088 1817 2138 Clau·
1842 2107 1862 2139 5

156 2160 280 2208 dium
306 2159 511 2207 Drusum
536 2160 785 2222 privignos
814 2161 1133 2223 imperatoriis
1160 2160 1428 2209 nominibus
1458 2161 1604 2222 auxit,
1632 2161 1820 2221 integra

156 2230 296 2277 etiam
326 2236 420 2277 tum
446 2229 587 2277 domo
622 2244 721 2277 sua.
780 2244 886 2277 nam
910 2230 1102 2292 genitos
1126 2229 1346 2293 Agrippa
1366 2229 1529 2278 Gaium
1549 2244 1605 2277 ac
1625 2228 1820 2276 Lucium

154 2299 202 2346 in
227 2298 448 2347 familiam
481 2296 741 2346 Caesarum
771 2298 1035 2357 induxerat,
1062 2300 1266 2348 necdum
1295 2301 1452 2362 posita
1479 2298 1652 2362 puerili
1678 2312 1818 2361 prae-

155 2375 286 2416 texta
314 2369 559 2431 principes
587 2368 843 2415 iuventutis
865 2368 1120 2431 appellari,
1154 2369 1381 2417 destinari
1404 2368 1629 2416 consules
1652 2368 1819 2430 specie

156 2438 423 2484 recusantis
455 2436 825 2498 flagrantissime
854 2439 1118 2501 cupiverat.
1175 2446 1225 2485 ut
1250 2439 1470 2501 Agrippa
1496 2439 1590 2485 vita
1617 2451 1816 2484 conces·
1835 2449 1876 2481 10

157 2506 233 2567 sit,
260 2505 452 2553 LucIum
480 2503 737 2554 Caesarem
765 2514 955 2555 euntem
982 2507 1040 2554 ad
1068 2507 1396 2570 Hispaniensis
1417 2507 1687 2566 exercituS,
1729 2504 1818 2553 Ga-

158 2575 251 2622 ium
276 2582 568 2622 remeantem
595 2575 822 2624 Armenia
850 2584 896 2624 et
920 2576 1118 2623 vulnere
1144 2577 1400 2624 invalidum
1426 2590 1554 2623 mors
1582 2575 1680 2622 fato
1706 2588 1817 2636 pro-

157 2659 275 2708 pera
315 2643 397 2693 vcl
440 2658 681 2691 novercae
715 2644 874 2692 Liviae
911 2646 1050 2692 dolus
1087 2645 1304 2706 abstulit,
1342 2646 1598 2706 Drusoque
1635 2643 1820 2706 pridem

160 2714 370 2761 extincto
405 2712 534 2761 Nero
564 2712 696 2760 solus
735 2729 761 2761 e
789 2715 1019 2777 privignis
1057 2722 1183 2774 erat,
1224 2714 1339 2760 illuc
1378 2722 1544 2761 cuncta
1582 2727 1817 2774 vergere:

160 2783 528 2846 iiliu8„collega
555 2783 758 2846 imperii,
787 2797 988 2830 consors
1015 2782 1296 2830 tribuniciae
1336 2784 1590 2846 potestatis
1617 2782 1876 2829 adsumi-15

160 2860 233 2900 tur
259 2854 506 2916 omnisque
526 2867 614 2916 per
637 2853 880 2900 exercitus
901 2859 1181 2913 ostentatur,
1210 2865 1305 2899 non
1325 2851 1562 2912 obscuris,
1590 2859 1639 2899 ut
1660 2858 1816 2911 antea,

160 2923 320 2970 matris
346 2921 542 2984 artibuS,
574 2922 661 2970 sed
686 2921 843 2987 palam
869 2921 1075 2970 hortatu.
1126 2936 1232 2971 nam
1259 2935 1423 2969 senem
1450 2920 1717 3037 Augustum
1737 2919 1818 2967 de—

1921 471 1926 491 i

1918 683 1927 707 „f
1917 559 1928 677 g-...ovm
1919 511 1926 551 ..Νι
1922 497 1924 503 ἡ
1924 434 1935 466 „h”
