1976 3224
577 194 751 232 LIBER
787 196 850 233 11.
891 194 1015 233 CAP.
1043 193 1263 237 43—-47,
1690 184 1759 235 61

85 337 188 371 rum
214 327 389 370 eventu
417 328 464 370 et
491 321 550 370 ad
579 329 871 386 postremum
899 325 1068 371 eiectis
1092 323 1321 373 Romanis
1349 325 1463 373 satis
1490 322 1762 389 probatum,

14 427 15 430 η
87 407 240 458 penes
268 399 404 440 utros
431 407 610 440 summa
636 391 753 439 belli
779 392 938 440 fuerit.
1775 396 1821 430 2⁰

188 462 274 512 46.
306 460 479 526 Neque
505 461 830 513 Maroboduus
866 463 1087 512 iactantia
1122 465 1195 512 sui
1237 472 1315 513 aut
1359 463 1553 528 probris
1589 465 1638 512 in
1672 462 1760 512 ho-

86 539 210 580 stem
245 530 540 594 abstinebat,
591 531 678 579 sed
719 530 1071 594 Inguiomerum
1119 541 1289 582 tenens
1336 534 1421 582 illo
1460 535 1508 580 in
1548 548 1762 598 corpore

18 604 19 607 ’
87 601 236 650 decus
288 615 428 650 omne
467 599 847 665 Cheruscorum,
892 601 1020 650 illius
1058 603 1270 651 consiliis
1307 611 1448 666 gesta
1490 618 1612 666 quae
1646 618 1759 666 pro-

86 686 232 736 spere
269 670 533 720 ceciderint
567 670 855 729 testabatur:
894 672 1187 720 vaecordem
1220 672 1484 721 Arminium
1520 679 1568 721 et
1601 687 1763 721 rerum

85 742 301 790 nescium
327 740 532 788 alienam
558 740 763 803 gloriam
789 742 835 788 in
865 756 918 789 se
945 740 1162 809 trahere,
1201 743 1423 805 quoniam
1449 749 1549 790 tres
1579 755 1761 790 vacuas
1778 755 1799 787 5
1866 739 1869 741 ’

88 811 314 873 legiones
343 818 391 858 et
417 809 587 858 ducem
613 809 793 858 fraudis
820 812 1036 873 ignarum
1059 811 1261 876 perfidia
1283 811 1559 875 deceperit,
1576 826 1764 873 -magna

87 895 192 930 cum
229 878 367 929 clade
399 879 682 932 Germaniae
722 887 770 927 et
796 881 1056 942 ignominia
1083 896 1194 945 sua,
1236 896 1341 930 cum
1370 881 1609 944 coniunx,
1657 895 1761 928 cum

86 950 209 1000 filius
250 950 354 998 eius
391 950 638 998 servitium
670 949 822 998 adhuc
844 949 1070 998 tolerent.
1124 957 1172 999 at
1198 965 1253 999 se
1280 950 1532 999 duodecim
1555 950 1760 1013 legioni-

85 1021 174 1069 bus
219 1021 417 1085 petitum
467 1020 590 1068 duce
629 1019 825 1068 Tiberio
872 1019 1116 1068 inlibatam
1165 1020 1510 1070 Germanorum
1554 1020 1763 1083 gloriam
1840 1055 1844 1059 -

86 1090 389 1152 servavisse,
418 1105 532 1138 mox
558 1088 923 1138 condicionibus
945 1093 1111 1153 aequis
1132 1090 1427 1146 discessum;
1456 1105 1615 1153 neque
1647 1104 1760 1153 pae-
1779 1096 1822 1130 1⁰

85 1162 240 1209 nitere
271 1159 400 1223 quod
432 1160 647 1223 ipsorum
672 1161 720 1206 in
745 1174 884 1207 manu
910 1159 997 1222 sit,
1040 1160 1278 1222 integrum
1308 1160 1562 1208 adversum
1587 1160 1762 1208 Roma·

85 1244 174 1278 nos
219 1229 399 1278 bellum
439 1230 498 1277 an
538 1244 709 1292 pacem
747 1230 1042 1278 incruentam
1077 1229 1257 1278 malint.
1326 1230 1400 1277 his
1438 1228 1644 1277 vocibus
1694 1229 1763 1276 in-

28 1347 30 1350 ,
86 1301 288 1349 stinctos
317 1299 818 1362 exercituspropriae
852 1313 1249 1362 quoque-causae
1285 1298 1620 1360 stimulabant,
1658 1311 1765 1346 cum

86 1386 112 1419 a
139 1368 400 1418 Cheruscis
422 1367 851 1431 Langobardisque
884 1383 973 1432 pro
1004 1371 1199 1432 antiquo
1232 1368 1411 1417 decore
1451 1375 1531 1426 aut
1562 1374 1765 1416 recente

87 1439 308 1487 libertate
357 1446 405 1486 et
449 1445 616 1486 contra
661 1438 912 1500 augendae
959 1437 1267 1486 dominationi
1306 1445 1587 1485 certaretur.
1666 1452 1764 1485 non
1782 1448 1820 1482 1³

84 1509 204 1557 alias
240 1510 421 1557 maiore
457 1507 584 1556 mole
623 1522 908 1555 concursum
944 1523 1102 1571 neque
1140 1507 1363 1570 ambiguo
1389 1509 1544 1569 magis
1573 1513 1764 1570 eventu,

84 1579 203 1638 fusis
238 1579 474 1642 utrimque
510 1576 694 1625 dextris
732 1577 983 1633 cornibus;
1037 1576 1419 1640 sperabaturque
1457 1591 1644 1625 rursum
1678 1591 1764 1640 pu-

86 1663 207 1712 gna,
246 1649 293 1695 ni
319 1646 646 1697 Maroboduus
673 1654 829 1695 castra
855 1649 903 1694 in
933 1646 1088 1694 colles
1117 1646 1440 1695 subduxisset.
1469 1671 1472 1674 ·
1501 1646 1550 1694 id
1577 1647 1767 1709 signum

88 1717 302 1782 perculsi
343 1718 452 1773 fuit;
504 1724 554 1765 et
585 1716 867 1779 transfugiis
905 1716 1133 1780 paulatim
1170 1715 1371 1764 nudatus
1412 1717 1461 1764 in
1497 1715 1765 1765 Marcoma-

88 1803 176 1836 nos
214 1787 459 1836 concessit
493 1787 719 1851 misitque
745 1786 937 1849 legatos
965 1786 1023 1834 ad
1050 1785 1291 1833 Tiberium
1318 1793 1545 1842 ¹oraturos
1571 1785 1764 1834 auxilia.
1782 1794 1826 1827 20

87 1871 375 1921 responsum
412 1863 486 1904 est
519 1871 617 1905 non
650 1858 754 1904 iure
794 1865 909 1903 eum‘
936 1855 1168 1903 adversus
1201 1854 1479 1904 Cheruscos
1515 1869 1647 1904 arma
1671 1854 1766 1904 Ro-

87 1941 225 1974 mana
265 1927 523 1987 invocare,
572 1926 650 1989 qui
686 1927 942 1988 pugnantis
979 1926 1025 1972 in
1063 1924 1265 1973 eundem
1297 1925 1486 1972 hostem
1518 1924 1769 1973 Romanos

88 1995 218 2044 nulla
251 2009 346 2060 ope
373 1996 586 2042 iuvisset.
642 1995 815 2043 missus
842 2002 999 2042 tamen
1022 1993 1234 2056 Drusus,
1261 2001 1315 2048 ut,
1334 1994 1629 2056 rettulimus,
1655 1994 1769 2058 paci

88 2067 317 2114 firmator.
969 2078 974 2083 ·

194 2136 279 2183 47.
328 2133 513 2182 Eodem
557 2147 680 2181 anno
709 2132 980 2189 ⁴duodecim
1017 2132 1241 2181 celebres
1286 2132 1433 2181 Asiae
1471 2130 1619 2179 urbes
1655 2145 1769 2179 con-

89 2205 256 2269 lapsae
303 2199 538 2252 nocturno
585 2209 715 2250 motu
770 2209 955 2264 terrae,
1009 2217 1103 2266 quo
1148 2202 1442 2266 inprovisior
1476 2202 1772 2264 graviorque

52 2275 243 2339 -pestis
290 2274 392 2333 fuit.
478 2287 636 2336 neque
688 2271 879 2320 solitum
929 2273 976 2319 in
1032 2271 1114 2324 tali
1161 2286 1276 2320 casu
1321 2271 1549 2332 effugium
1595 2270 1769 2318 subve-

90 2342 275 2406 niebat,
317 2345 365 2391 in
413 2349 581 2406 aperta
629 2341 999 2406 prorumpendi,
1051 2342 1160 2404 quia
1215 2340 1416 2388 diductis
1450 2336 1605 2387 'terris
1656 2339 1770 2388 hau-

36 2423 37 2426 ’
90 2411 350 2461 riebantur.
444 2411 632 2459 sedisse
678 2412 922 2459 inmensos
977 2419 1191 2473 montes,
1244 2411 1349 2459 visa
1383 2410 1430 2456 in
1463 2409 1612 2457 arduo
1647 2418 1809 2472 quae5

93 2481 235 2546 plana
260 2483 452 2542 fuerint,
483 2479 724 2528 effulsisse
750 2482 873 2528 inter
899 2481 1080 2530 ruinam
1106 2481 1245 2542 ignes
1271 2486 1551 2528 memorant.
1603 2492 1768 2541 asper-

94 2553 209 2599 rima
254 2554 302 2599 in
341 2549 600 2598 Sardianos
652 2549 756 2597 lues
794 2549 1044 2613 plurimum
1081 2551 1127 2597 in
1172 2549 1370 2598 eosdem
1406 2546 1771 2596 misericordiae

93 2623 257 2669 traxit:
299 2635 405 2669 nam
445 2620 662 2667 centiens
703 2620 978 2682 sestertium
1014 2619 1260 2683 pollicitus
1298 2617 1505 2678 Caesar,
1545 2624 1593 2664 et
1624 2630 1770 2679 quan-

95 2697 190 2738 tum
210 2691 396 2739 aerario
417 2696 496 2737 aut
517 2689 636 2736 fisco
661 2686 952 2752 pendebant,
980 2689 1026 2735 in
1047 2689 1418 2751 quinquennium
1436 2687 1633 2734 remisit.
1671 2684 1769 2733 Ma·

95 2767 267 2820 gnetes
295 2775 322 2808 a
349 2758 516 2823 Sipylo
537 2758 744 2822 proximi
774 2756 942 2804 damno
972 2771 1029 2805 ac
1052 2755 1266 2805 remedio
1297 2755 1462 2804 habiti.
1524 2755 1769 2817 TemniOS,
1789 2762 1831 2796 1⁰

96 2826 528 2898 PhiladelphenOS,
573 2827 850 2890 AegeataS,
885 2825 1323 2890 ApollonidenseS,
1363 2825 1538 2889 quique
1563 2825 1773 2874 Mosteni

86 2903 174 2944 ‘aut
208 2896 501 2946 Macedones
538 2895 756 2956 Hyrcani
790 2903 1050 2957 vocantur,
1105 2903 1151 2943 et
1185 2895 1630 2957 Hierocaesariam,
1669 2893 1771 2954 My-
