1976 3224
585 177 760 245 menn
793 208 873 245 xl.
911 208 1035 247 CAP.
1070 208 1290 251 33—37.
1693 201 1790 251 195

122 335 468 402 Calpurnianus
503 336 696 398 vigilum
734 336 1036 400 praefectuS,
1083 338 1324 401 Sulpicius
1358 339 1512 388 Rufus
1543 338 1639 387 ludi
1680 355 1789 405 pro-

122 415 332 470 curator,
359 406 532 455 Iuncus
559 406 868 468 Vergilianus
894 415 1090 456 senator
1117 408 1284 456 eadem
1311 424 1470 473 poena
1500 409 1694 457 adfecti.

219 477 302 527 36.
344 476 488 525 Solus
523 476 738 525 Mnester
774 479 1125 526 cunctationem
1165 478 1343 542 attulit,
1386 479 1612 527 dilaniata
1649 488 1789 530 veste
1867 487 1870 490 ’

120 548 364 613 clamitans
401 548 644 611 aspiceret
684 546 938 595 verberum
980 555 1147 610 notas,
1202 550 1594 598 reminisceretur
1634 552 1785 615 vocis,
1860 604 1864 608 ,

119 633 209 682 qua
238 631 294 666 se
325 616 583 666 obnoxium
608 618 752 665 iussis
776 616 1068 666 Messalinae
1105 618 1344 668 dedisset:
1384 619 1490 667 aliis
1527 620 1787 682 largitione

118 696 196 736 aut
223 689 329 753 spei
364 687 712 751 magnitudine,
750 687 841 735 sibi
874 703 934 735 ex
971 690 1262 742 necessitate
1301 689 1515 753 culpam;
1556 705 1648 738 nec
1688 692 1784 738 cui·
1864 680 1870 688 ‘

119 774 257 824 quam
281 766 388 807 ante
416 757 710 822 pereundum
735 757 899 821 fuisse,
928 759 967 806 si
994 759 1138 807 Silius
1160 774 1318 807 rerum
1343 766 1609 823 poteretur.
1650 775 1778 810 com·
1801 777 1822 809 ⁵

116 837 292 878 motum
322 828 395 877 his
421 836 467 877 et
492 843 694 894 pronum
721 828 782 878 ad
816 830 1190 879 misericordiam
1220 828 1482 878 Caesarem
1522 830 1784 894 perpulere

115 899 303 962 liberti,
341 915 401 948 ne
428 907 497 948 tot
523 899 797 949 inlustribus
823 901 939 948 viris
967 901 1233 949 interfectis
1258 900 1478 955 histrioni
1505 901 1780 949 consulere-

114 979 213 1020 tur:
243 978 417 1036 sponte
446 986 503 1020 an
531 978 725 1020 coactus
751 979 845 1019 tam
873 985 1045 1034 magna
1075 972 1408 1035 peccavisset,
1434 970 1551 1018 nihil
1575 971 1780 1020 referre.

114 1058 174 1090 ne
210 1041 371 1090 Trauli
412 1041 600 1106 quidem
635 1040 848 1091 Montani
884 1042 1057 1106 equitis
1090 1040 1548 1091 Romanidefensio
1577 1048 1781 1105 recepta

116 1121 204 1163 est.
253 1114 293 1161 is
328 1112 545 1161 modesta
582 1113 800 1176 iuventa,
841 1111 928 1161 sed
962 1128 1172 1179 corpore
1204 1114 1406 1178 insigni,
1445 1113 1627 1162 accitus
1655 1110 1778 1160 ultro
1800 1123 1839 1156 10

114 1191 402 1248 noctemque
438 1185 559 1231 intra
587 1198 724 1231 unam
754 1198 779 1231 a
804 1183 1063 1233 Messalina
1088 1183 1395 1248 proturbatus
1427 1191 1552 1246 erat,
1587 1181 1782 1247 paribus

115 1254 330 1303 lasciviis
357 1253 415 1302 ad
443 1253 712 1318 cupidinem
738 1260 785 1301 et
811 1253 1016 1303 fastidia.
1075 1255 1243 1304 Suillio
1271 1254 1545 1303 Caesonino
1575 1260 1622 1301 et
1646 1252 1782 1301 Plau-

115 1326 183 1372 tio
208 1323 599 1373 Lateranomors
625 1324 902 1386 remittitur,
939 1323 1049 1372 huic
1090 1325 1151 1373 ob
1182 1326 1336 1389 patrui
1364 1325 1618 1387 egregium
1643 1324 1782 1370 meri-

114 1402 236 1443 tum:
267 1393 564 1442 Caesonnius
596 1395 719 1441 vitiis
747 1400 996 1457 protectus
1025 1403 1126 1458 est,
1153 1402 1392 1458 tamquam
1416 1396 1464 1441 in
1491 1393 1577 1441 illo
1604 1392 1782 1441 foedis-

115 1465 233 1512 simo
263 1471 403 1512 coetu
427 1479 598 1528 passus
624 1462 886 1511 muliebria.
1801 1473 1842 1506 15

217 1533 298 1582 37.
331 1533 524 1582 Interim
556 1533 817 1582 Messalina
852 1532 1144 1582 Lucullianis
1179 1535 1226 1581 in
1260 1534 1414 1582 hortis
1441 1532 1686 1597 prolatare
1714 1533 1781 1579 vi-

112 1612 233 1666 tam,
261 1618 553 1668 componere
585 1618 784 1668 preceS,
813 1603 1040 1652 nonnulla
1077 1618 1167 1667 spe
1195 1611 1242 1652 et
1269 1601 1522 1668 aliquando
1549 1602 1644 1650 ira:
1682 1608 1781 1649 tan-

113 1681 206 1722 tum
243 1675 367 1722 inter
402 1680 615 1722 extrema
654 1672 910 1738 superbiae
952 1672 1173 1736 gerebat.
1244 1688 1301 1722 ac
1345 1674 1393 1720 ni
1433 1671 1631 1720 caedem
1681 1671 1782 1719 eius

111 1743 368 1792 Narcissus
406 1745 794 1807 properavisset,
828 1750 1041 1791 verterat
1074 1744 1320 1807 pernicies
1355 1744 1403 1791 in
1429 1748 1779 1790 accusatorem.

113 1828 219 1861 nam
249 1811 473 1861 Claudius
514 1813 701 1861 domum
734 1828 992 1875 regressus
1034 1820 1080 1861 et
1115 1813 1419 1878 tempestivis
1455 1811 1612 1876 epulis
1647 1810 1816 1863 dele-5

113 1884 263 1944 nituS,
304 1882 383 1929 ubi
408 1884 519 1930 vino
557 1882 776 1944 incaluit,
819 1883 877 1930 iri
917 1882 1048 1930 iubet
1083 1883 1383 1946 nuntiarique
1420 1883 1626 1930 miserae
1658 1881 1779 1946 (hoc

114 1954 236 2000 enim
273 1951 424 2000 verbo
463 1967 597 1999 usum
628 1950 824 2013 ferunt)
864 1950 1113 2000 dicendam
1154 1952 1213 2000 ad
1250 1967 1439 2001 causam
1472 1959 1673 2017 postero
1702 1951 1778 1999 die

114 2021 322 2070 adesset.
375 2021 503 2085 quod
538 2020 618 2068 ubi
654 2020 860 2070 auditum
891 2029 938 2069 et
972 2021 1293 2084 languescere
1318 2023 1416 2085 ira,
1454 2021 1616 2070 redire
1646 2035 1779 2069 amor

112 2107 185 2154 ac,
212 2092 252 2139 si
282 2098 641 2154 cunctarentur,
670 2091 941 2155 propinqua
975 2105 1074 2139 nox
1105 2098 1151 2139 et
1177 2093 1333 2140 uxorii
1362 2091 1566 2140 cubiculi
1600 2105 1776 2139 memo·

110 2163 178 2209 ria
218 2160 527 2224 timebantur,
575 2162 839 2226 prorumpit
872 2160 1130 2210 Narcissus
1163 2160 1501 2225 denuntiatque
1539 2161 1836 2212 centurio-10

111 2232 247 2279 nibus
270 2237 316 2279 et
339 2231 547 2293 tribun0,
571 2232 651 2295 qui
673 2230 853 2294 aderat,
881 2231 1081 2295 exsequi
1104 2231 1327 2279 caedem:
1353 2232 1417 2280 ita
1438 2231 1778 2296 imperatorem

117 2300 298 2349 iubere.
366 2308 528 2349 custos
569 2308 616 2349 et
662 2307 862 2349 exactor
901 2315 927 2349 e
968 2300 1154 2349 libertis
1188 2300 1386 2350 Euodus
1427 2300 1576 2350 datur.
1638 2303 1778 2365 isque

111 2371 282 2434 raptim
310 2371 355 2418 in
379 2370 548 2420 hortos
576 2385 895 2435 praegressus
920 2372 1138 2435 repperit
1162 2371 1315 2420 fusam
1339 2370 1490 2434 humi,
1530 2370 1777 2420 adsidente

110 2447 261 2488 matre
286 2439 483 2504 Lepida,
517 2456 638 2504 quae
666 2440 853 2489 florenti
881 2440 1006 2490 filiae
1035 2440 1158 2490 haud
1181 2456 1388 2490 concors
1414 2442 1650 2505 supremis
1673 2441 1776 2487 eius

111 2509 480 2559 necessitatibus
520 2510 578 2558 ad
616 2511 972 2559 miseratIonem
1013 2512 1169 2560 evicta
1206 2519 1309 2560 erat
1348 2510 1677 2572 suadebatque
1715 2524 1775 2556 ne
1794 2525 1835 2558 15

112 2593 452 2642 percussorem
483 2580 820 2643 opperiretur:
860 2581 1093 2629 transisse
1123 2582 1268 2630 vitam
1292 2596 1451 2643 neque
1479 2579 1605 2628 aliud
1638 2593 1778 2643 quam

111 2650 249 2697 morti
276 2649 424 2698 decus
451 2648 790 2713 quaerendum.
843 2649 927 2697 sed
964 2650 1117 2698 animo
1155 2666 1243 2713 per
1280 2649 1504 2697 libidines
1545 2655 1775 2712 corrupto

113 2717 225 2766 nihil
265 2718 514 2768 honestum
555 2720 729 2775 inerat3
775 2718 1096 2782 lacrimaeque
1134 2726 1181 2766 et
1220 2726 1418 2782 questus
1462 2718 1588 2766 in'riti
1634 2717 1776 2766 duce·

111 2785 304 2852 bantur,
348 2805 453 2838 cum
488 2790 665 2852 impetu
700 2789 989 2836 venientium
1019 2787 1187 2852 pulsae
1224 2788 1359 2836 fores
1396 2787 1667 2852 adstititque
1694 2788 1775 2836 tri·

112 2854 263 2905 hunus
289 2873 377 2923 per
404 2859 657 2921 silentium,
687 2864 732 2906 at
757 2857 957 2906 libertus
986 2858 1241 2922 increpans
1262 2857 1420 2905 multis
1442 2865 1490 2906 et
1516 2857 1772 2906 servilibus
1791 2871 1834 2905 20

112 2924 319 2988 probris.

1384 2999 1404 3046 1
1418 2998 1446 3046 3
1459 2998 1484 3025 *
