1982 3216
181 239 264 277 XX
647 235 1103 275 COMMENTARIUS
1142 236 1422 275 CRITIOUS.

175 371 260 416 sed
291 372 339 414 in
374 370 560 427 reliquis
589 368 736 413 Taciti
761 370 869 413 locis
896 365 961 428 (v.
994 368 1090 414 Otto
1110 383 1163 426 p.
1194 372 1222 414 6
1229 365 1313 429 01)
1339 372 1593 416 terminatio
1612 373 1884 430 participio-

174 454 280 487 rum
304 441 352 484 in
381 451 486 498 qen.
506 439 632 496 plur.
666 443 732 483 est
766 440 814 483 in
842 438 934 483 ium
963 432 975 503 Ι
1010 444 1061 486 11
1086 452 1245 485 veram
1270 439 1523 497 potentiam
1549 440 1626 499 M,
1663 455 1775 487 vera
1801 454 1884 501 po·

173 509 349 555 tentiae
388 507 664 553 Paschalius
715 503 723 566 Ι
774 522 977 566 augere,
1028 519 1113 552 em.
1164 508 1238 558 R,-
1283 508 1447 566 vigere
1486 509 1580 565 Bz,
1628 524 1885 568 augescere

179 578 472 638 Oelschla'yer
496 580 543 622 in
566 578 676 622 adn.
707 580 809 628 crit,
840 580 887 623 in
918 578 1028 622 Tac.
1065 575 1363 638 (Suevofurti
1388 575 1543 638 1844.)

314 645 410 706 42,
447 653 476 696 4
501 648 756 707 postulatio
807 642 814 711 Ι
863 645 957 705 43,
997 652 1024 693 2
1049 647 1349 704 liminatidiS,
1387 660 1470 692 em.
1496 649 1534 692 L
1578 648 1583 708 Ι
1629 655 1656 696 5
1690 662 1885 707 cumque

172 719 431 765 bellassent
456 717 595 764 armis
622 717 836 776 adeptum
870 718 878 775 Ι
909 722 938 766 8
964 716 1179 762 recident
1213 716 1460 774 heliatem,
1497 731 1582 762 em.
1609 718 1648 763 L
1681 713 1688 781 Ι
1723 725 1778 766 10
1803 733 1885 764 an-

173 788 443 846 naliumque
462 787 530 843 E,
568 792 644 832 aut
669 801 771 832 ann.
804 787 1024 833 Heraeus
1042 801 1096 844 p.
1126 789 1217 831 171
1229 805 1244 837 ,·
1279 786 1485 846 displicet
1511 790 1663 847 utique
1687 788 1885 847 asynde-

171 862 248 903 ton
280 851 287 920 Ι
320 864 374 906 11
404 856 759 915 locupletioris,
790 862 839 902 ut
862 863 919 914 2,
948 861 1004 906 14
1027 856 1243 901 memoris
1277 854 1286 919 Ι
1320 862 1374 906 16
1403 858 1667 916 delapsam,
1694 870 1776 903 em.
1803 858 1850 902 E
1874 853 1881 920 Ι

170 932 227 974 21
253 931 473 985 receptos
498 926 779 971 bonasuarie
811 892 1031 985 publicae

312 993 409 1053 44,
445 1001 472 1042 2
500 996 684 1053 degetis
713 992 799 1056 (de
826 995 1033 1042 Gaetulis
1062 995 1134 1052 R,
1171 1000 1219 1040 at
1250 1009 1292 1041 v.
1322 993 1488 1056 Nipp.)
1524 989 1532 1060 Ι
1563 1002 1591 1043 4
1614 1001 1776 1054 partae
1802 995 1877 1040 L

171 1070 198 1116 7
226 1066 465 1122 deiectus,
492 1078 577 1110 em.
611 1064 656 1109 P
685 1059 692 1128 Ι
726 1070 782 1114 12
806 1066 921 1111 iulio
950 1065 1141 1128 antonio

312 1132 409 1193 45,
444 1141 471 1184 6
497 1135 758 1180 fraistratus
791 1134 798 1194 Ι
836 1140 888 1182 12
913 1135 1233 1194 quaestionem
1255 1134 1321 1180 Ri
1349 1131 1356 1197 Ι
1390 1139 1446 1184 14
1473 1135 1645 1194 quippe
1674 1135 1771 1180 Bz:
1800 1135 1876 1192 qui

170 1201 409 1331 (qnia4P6),
446 1281 474 1323 3
505 1289 621 1335 quae
652 1275 699 1318 in
736 1274 954 1319 montium
990 1275 1099 1319 mal.
1131 1274 1206 1318 Bz
1237 1268 1245 1334 Ι
1279 1273 1381 1319 sine
1418 1275 1544 1320 cultu
1570 1274 1669 1319 Bz:
1704 1274 1882 1318 incultu

171 1308 417 1405 (incultius
447 1340 669 1403 Georyes)

311 1409 410 1469 47,
446 1419 470 1460 1
502 1414 843 1458 conduceretur
881 1411 989 1458 mal.
1022 1412 1067 1458 P
1105 1407 1114 1474 Ι
1153 1417 1180 1460 2
1215 1417 1459 1472 postquam
1487 1447 1497 1457 .
1530 1447 1540 1457 .
1569 1427 1744 1458 venere
1776 1413 1882 1459 JG:

174 1497 305 1542 quam
326 1517 335 1527 .
355 1517 363 1527 .
387 1483 551 1540 uenire
584 1482 592 1545 Ι
628 1489 679 1531 11
702 1489 802 1529 aut:
829 1482 932 1528 atR
947 1502 959 1532 ;
981 1487 1030 1527 at
1048 1486 1115 1527 est
1130 1483 1377 1527 sententia.-
1397 1495 1593 1541 quorum
1608 1483 1689 1528 alii
1703 1486 1880 1527 atcum-

169 1565 256 1612 que
280 1553 460 1607 armati,
490 1553 571 1597 alii
593 1553 811 1598 inconditi
833 1557 981 1609 erant,
1010 1552 1061 1597 hi
1081 1552 1260 1610 quidem
1280 1556 1451 1597 tantum
1469 1552 1534 1597 ad
1559 1565 1699 1609 saxa,
1725 1552 1880 1609 sudes,

172 1622 336 1668 ”obora
362 1623 543 1680 aliaque
567 1623 616 1667 id
636 1634 780 1681 yenus
808 1622 1056 1681 inferenda
1078 1622 1242 1667 idonei.
1293 1621 1365 1667 De
1398 1627 1476 1667 aut
1501 1636 1540 1667 v.
1567 1622 1631 1666 ad
1655 1630 1678 1671 1
1695 1656 1708 1679 ,
1737 1626 1806 1670 16.

310 1688 405 1748 48,
455 1696 482 1740 6
520 1706 545 1735 e
580 1689 694 1753 (ex)
733 1692 880 1751 raptis
914 1691 1086 1749 Jacob,
1122 1692 1284 1736 deinde
1321 1691 1622 1751 distinquens:
1662 1691 1880 1737 omittere

170 1762 395 1807 stationes
423 1761 619 1807 lascivia
652 1762 915 1820 epularum,
944 1767 1021 1807 aut
1045 1766 1127 1806 etc.
1161 1755 1170 1825 Ι
1203 1761 1405 1807 statione
1439 1755 1447 1824 Ι
1485 1768 1536 1809 10
1566 1760 1757 1807 clamori
1785 1759 1853 1805 Ri

309 1828 406 1887 49,
439 1835 468 1878 4
497 1831 587 1876 iam
615 1830 872 1876 muniebat:
906 1830 1415 1887 immuniebatFetH‚
1446 1830 1785 1876 communiebat
1803 1822 1877 1892 ΕΙ

169 1904 195 1949 7
222 1900 484 1958 artequeH
511 1896 516 1962 Ι
551 1906 604 1950 11
631 1901 764 1946 simul
796 1901 902 1959 equi
927 1901 992 1945 L.-
1019 1901 1277 1959 simuleque
1304 1896 1558 1960 (simulque
1578 1895 1836 1959 Danesius)
1866 1892 1873 1960 Ι

169 1973 223 2018 17
262 1982 413 2028 neque
451 1970 686 2027 ignobiles
726 2003 736 2013 .
768 2004 779 2013 .
821 1970 1066 2015 sententiis
1105 1969 1190 2014 del.
1224 1969 1310 2021 Ri;
1345 1968 1411 2028 cf.
1450 1969 1506 2014 de
1543 1971 1638 2015 loco
1668 1968 1878 2027 impedito

168 2040 302 2083 etiam
326 2038 472 2083 Jacob
500 2041 547 2083 in
573 2038 739 2083 Philol.
779 2039 870 2098 VJ,
902 2042 1010 2085 381.

311 2105 405 2165 50,
439 2112 465 2157 7
491 2121 745 2167 properum
772 2123 858 2169 per
883 2111 1016 2154 finem
1042 2108 1117 2154 He
1149 2103 1156 2170 Ι
1192 2113 1248 2157 13
1274 2122 1373 2153 cum
1399 2109 1589 2154 absinus

311 2174 405 2234 51,
441 2184 493 2226 15
520 2178 706 2223 deiecto
737 2178 797 2224 0.·
837 2179 1023 2224 delecto
1056 2174 1240 2238 (deleto
1266 2174 1336 2238 B)
1381 2170 1391 2242 Ι
1433 2184 1489 2227 18
1515 2177 1770 2223 incolarum
1791 2153 1876 2221 M

168 2247 378 2292 incorum
401 2243 633 2306 (ipsorum
657 2245 786 2309 He)‚·
818 2248 881 2307 cf.
911 2253 991 2305 13,
1019 2252 1099 2296 39:
1130 2248 1221 2293 alia
1246 2253 1414 2306 sponte
1442 2247 1697 2293 incolarum
1721 2246 1768 2291 in
1792 2245 1877 2291 de-

170 2315 393 2361 ditionem
424 2315 694 2361 veniebant.

309 2379 376 2429 52
393 2418 406 2440 ,
443 2389 472 2432 8
498 2385 676 2443 reperit
707 2386 835 2436 edd.‚·
868 2390 917 2430 at
939 2387 1151 2432 usitatum
1185 2390 1253 2431 est
1281 2385 1435 2431 Tacito
1463 2387 1510 2431 in
1534 2386 1764 2431 sententiis
1786 2397 1877 2443 per

159 2453 442 2514 particulam
479 2455 781 2512 copulativam
800 2455 1042 2502 adiunctis
1079 2457 1325 2514 praesenti
1361 2455 1577 2501 historico
1615 2454 1876 2514 perfectum

169 2528 250 2569 aut
289 2525 484 2568 vicissim
511 2524 723 2582 perfecto
764 2537 997 2583 praesens
1040 2525 1305 2571 historicum
1346 2525 1577 2579 subicere,
1613 2529 1664 2569 ut
1706 2531 1757 2581 1,
1802 2528 1872 2570 21.

168 2598 239 2642 39.
267 2599 337 2640 51.
369 2597 448 2645 68;
484 2597 538 2649 2,
568 2597 639 2641 20.
671 2598 741 2641 54.
771 2601 841 2643 55.
871 2599 954 2639 etc.
1001 2588 1009 2657 Ι
1056 2601 1112 2642 10
1145 2609 1198 2640 se
1234 2594 1480 2652 imaginem
1509 2593 1585 2639 M.-
1616 2594 1701 2639 sed
1727 2592 1874 2649 magi-

166 2674 298 2718 nem,
329 2667 477 2707 ortum
512 2674 574 2707 ex
603 2663 906 2721 setmaginem
943 2666 990 2709 in
1014 2663 1390 2722 frequentissima
1421 2663 1689 2722 confusione
1715 2663 1872 2705 litera-

170 2745 274 2776 rum
303 2731 318 2776 i
346 2736 392 2776 et
417 2737 434 2775 t
465 2725 472 2795 Ι
506 2737 562 2781 18
583 2732 815 2778 desertum
1186 2781 1188 2783 ,

309 2797 400 2852 53,
437 2808 462 2848 5
487 2803 674 2859 probris
699 2802 948 2852 Petersen;
981 2807 1030 2846 at
1053 2817 1094 2847 v.
1123 2802 1264 2860 Nipp.
1308 2795 1316 2865 Ι
1360 2807 1387 2851 6
1414 2800 1494 2860 qui
1526 2801 1634 2847 divo
1660 2800 1872 2858 Augusto

169 2874 317 2914 ortam
341 2869 504 2914 Haase
527 2872 771 2928 supplevit,
807 2886 910 2917 cum
944 2873 991 2916 in
1014 2872 1115 2916 cod.
1145 2871 1359 2916 tredecim
1384 2870 1490 2930 fere
1517 2872 1678 2916 literae
1703 2870 1873 2917 desint,-

170 2938 216 2982 in
246 2939 435 2984 civitate
460 2943 581 2985 tanta
613 2940 690 2998 qui
715 2942 869 2999 suppl.
899 2941 972 2993 Η,·
999 2942 1155 2999 possis
1179 2941 1313 2985 etiam
1335 2941 1576 2999 supplere.-
1606 2940 1651 2984 in
1680 2938 1871 2983 civitate
