2008 3230
230 222 299 273 34
654 229 931 269 CORNELII
950 229 1146 268 TAGITI
1165 229 1471 271 ANNALIUM

228 360 385 422 magis
427 358 654 424 paludeS,
694 359 946 408 saevitiam
980 358 1188 407 hostium
1227 374 1515 424 superesse3
1559 367 1607 409 at
1643 359 1910 410 victoribus

230 429 380 479 decus
401 429 622 492 gloriam.
678 443 801 493 quae
827 428 953 477 domi
978 443 1104 491 cara,
1135 442 1260 493 quae
1287 431 1335 478 in
1363 430 1533 479 castris
1553 429 1787 493 honesta,
1811 445 1910 479 me-

227 506 408 557 morat;
437 499 630 559 reticuit
659 498 718 547 de
751 497 987 548 adversis.
1041 513 1198 562 equos
1224 498 1414 563 dehinc,
1448 514 1590 549 orsus
1617 515 1643 549 a
1682 502 1805 564 suiS,
1841 500 1910 549 le-

171 582 213 616 10
230 576 459 634 gatorum‘
477 568 870 634 tribunorumque
890 568 1021 618 nulla
1041 568 1300 618 ambitione
1325 569 1592 618 fortissimo
1616 573 1787 636 cuique
1807 569 1910 619 bel-

227 639 371 690 latori
396 638 557 702 tradit,
586 646 634 687 ut
658 639 724 703 hi,
751 653 867 693 mox
893 638 1048 704 pedes
1074 639 1121 687 in
1147 638 1338 688 hostem
1363 639 1666 692 invaderent.

332 707 416 760 68.
454 708 591 758 Haud
616 710 771 758 minus
809 709 997 774 inquies
1035 708 1300 759 Germanus
1336 725 1448 775 spe,
1492 709 1716 775 cupidine
1756 717 1805 760 et
1842 709 1909 759 di-

227 780 386 829 versis
434 780 604 828 dueum
647 780 898 829 sententiis
943 778 1150 842 agebat,
1196 779 1415 829 Arminio
1475 781 1691 828 sinerent
1738 779 1911 844 egredi

228 863 559 914 egressosque
596 862 784 898 rursum
820 865 911 914 per
953 845 1106 898 umida
1153 857 1200 898 et
1235 849 1457 915 ‚inpedita
1505 850 1911 899 circumvenirent

229 919 479 983 suadente,
507 920 750 970 atrociora
779 918 1089 983 Inguiomero
1116 916 1164 968 et
1194 920 1321 970 laeta
1357 919 1606 983 barbaris,
1645 927 1696 969 ut
1731 920 1911 969 vallum

189 1005 210 1038 5
229 991 372 1039 armis
396 989 653 1039 ambirent:
688 997 955 1055 promptam
983 991 1418 1054 expugnationem,
1459 989 1625 1055 plures
1665 991 1908 1055 captiVOS,

225 1062 552 1126 incorruptam
578 1059 807 1124 praedam
839 1060 964 1109 fore.
1013 1060 1158 1123 igitur
1191 1067 1297 1110 orta
1339 1060 1417 1108 die
1457 1067 1691 1125 proruunt
1727 1060 1908 1123 fossas,

224 1131 423 1179 iniciunt
449 1136 633 1194 crates,
674 1143 853 1178 summa
894 1130 1010 1179 valli
1050 1137 1305 1194 prensant,
1342 1143 1455 1179 raro
1495 1143 1644 1195 super
1677 1131 1826 1180 milite
1864 1136 1910 1178 et

226 1202 362 1265 quasi
389 1199 451 1251 oh
476 1206 652 1249 metum
678 1200 856 1249 defixo.
903 1207 1159 1265 postquam
1185 1199 1393 1250 haesere
1419 1200 1742 1265 munimentis,
1771 1201 1911 1250 datur

226 1270 508 1329 cohortibus
548 1271 736 1334 signum
781 1284 1058 1335 cornuaque
1100 1285 1160 1319 ac
1203 1269 1348 1319 tubae
1398 1271 1711 1319 concinuere.
1782 1271 1911 1319 exim

167 1347 211 1382 1⁰
228 1340 442 1390 clamore
469 1346 518 1389 et
550 1341 732 1405 impetu
764 1341 929 1403 tergis
950 1340 1294 1390 Germanorum
1320 1339 1788 1404 circumfunduntur,
1826 1355 1900 1389 ex-

224 1409 516 1476 probrantes
541 1424 638 1460 non
667 1410 744 1459 hic
771 1410 920 1460 silvas
949 1426 1042 1459 nec
1072 1410 1302 1475 paludes),
1345 1409 1432 1460 sed
1458 1411 1630 1475 aequis
1666 1410 1792 1460 locis
1829 1425 1908 1459 ae—

225 1495 347 1546 quos
384 1479 521 1529 deos,
573 1479 701 1530 hosti
739 1480 886 1530 facile
927 1481 1165 1530 excidium
1215 1487 1270 1529 et
1311 1493 1498 1546 paucos
1530 1495 1591 1530 ac
1639 1494 1909 1530 semermos

225 1550 457 1615 cogitanti
493 1564 641 1599 sonus
677 1549 919 1614 tubarum,
957 1550 1123 1614 fulgor
1161 1564 1422 1614 armornm,
1472 1547 1649 1615 quanto
1694 1551 1909 1615 inopina,

221 1616 581 1670 tanto‘maiora
621 1620 952 1684 offunduntur,
1003 1620 1366 1685 cadebantque,
1413 1628 1463 1669 ut
1497 1620 1646 1670 rebus
1683 1621 1909 1669 secundis

165 1703 206 1737 15
224 1690 377 1753 avidi,
420 1691 484 1738 ita
517 1690 737 1739 adversis
776 1691 968 1740 incauti.
1033 1690 1277 1739 Arminius
1314 1691 1533 1754 integer,
1569 1689 1908 1754 Inguiomerus

222 1768 337 1826 post
360 1774 513 1823 grave
542 1759 715 1809 vulnus
742 1776 950 1825 pugnam
976 1760 1266 1810 deseruere:
1297 1760 1473 1824 Vulgus
1504 1760 1787 1810 trucidatum
1810 1769 1905 1824 est,

224 1830 381 1880 donec
406 1830 477 1879 ira
505 1837 553 1879 et
581 1829 685 1879 dies
712 1831 990 1895 permansit.
1030 1838 1178 1879 nocte
1196 1830 1383 1880 demum
1405 1844 1640 1879 reversae
1660 1830 1907 1894 legioneS,

224 1901 440 1965 quamvis
469 1900 577 1964 plus
595 1900 863 1964 vulnerum,
888 1900 1058 1950 eadem
1083 1899 1301 1950 ciborum
1321 1907 1518 1964 egestas
1538 1900 1782 1965 fatigaret,
1810 1901 1904 1949 vim

222 1971 476 2020 sanitatem
504 1971 690 2035 copiaS,
719 1978 891 2020 cuncta
913 1971 961 2019 in
987 1971 1192 2020 victoria
1216 1969 1448 2020 habuere.

329 2039 412 2091 69.
451 2035 742 2090 P‘ervaserat
765 2041 955 2089 interim
988 2042 1301 2090 circumventi
1328 2042 1572 2090 exercitus
1600 2040 1725 2090 fama
1753 2047 1801 2089 et
1836 2042 1904 2089 in-

219 2111 351 2161 festo
380 2109 727 2161 Germanorum
765 2112 956 2174 agmine
993 2110 1174 2161 Gallias
1199 2111 1325 2176 peti,
1366 2125 1422 2160 ac
1453 2111 1502 2159 ni
1535 2109 1811 2175 Agrippina
1835 2112 1905 2159 in-

221 2181 431 2246 positum
449 2180 621 2230 Rheno
648 2188 846 2246 pontem
877 2181 1003 2230 solvi
1033 2180 1387 2245 prohibuisset,
1428 2187 1564 2229 erant
1587 2180 1667 2244 qui
1695 2179 1742 2229 id
1768 2179 1905 2244 flagi-

219 2252 334 2299 tium
378 2250 634 2300 formidine
679 2251 926 2300 auderent.
995 2251 1081 2300 sed
1126 2251 1301 2300 femina
1338 2251 1512 2313 ingens
1559 2250 1698 2299 animi
1749 2251 1906 2298 munia

92 2340 105 2432 1
180 2329 201 2363 5
223 2319 357 2369 ducis
384 2335 475 2385 per
503 2335 590 2369 eos
624 2321 727 2369 dies
755 2320 919 2383 induit,
946 2321 1287 2385 militibusque,
1316 2327 1364 2368 ut
1390 2321 1495 2384 quis
1516 2320 1657 2384 inops
1685 2327 1764 2369 aut
1790 2334 1906 2368 sau-

95 2433 104 2456 ,5
221 2390 340 2453 ciue,
367 2396 553 2439 vestem
582 2398 628 2438 et
659 2390 870 2439 fomenta
900 2390 1121 2453 dilargita
1148 2398 1236 2439 est.
1286 2389 1428 2439 tradit
1455 2387 1509 2439 C.
1539 2389 1749 2452 Plinius,
1787 2388 1903 2439 Ger-

94 2469 107 2512 ’ῑ
217 2460 514 2510 manicorum
541 2459 779 2509 bellorum
807 2461 1045 2524 scriptor,
1081 2461 1277 2509 stetisse
1316 2459 1441 2524 apud
1469 2460 1757 2524 principium
1784 2474 1902 2523 pon-

218 2531 306 2593 tis,
335 2530 491 2580 laudis
522 2537 570 2579 et
593 2531 746 2594 gratis
771 2531 986 2579 reversis
1010 2530 1288 2594 legionibus
1313 2529 1586 2579 habentem.
1640 2529 1686 2578 id
1715 2528 1900 2578 Tiberii

220 2602 422 2650 animum
446 2600 585 2650 altius
611 2601 910 2665 penetravit:
956 2614 1053 2648 non
1075 2602 1199 2649 enim
1226 2600 1475 2665 simplices
1501 2614 1584 2649 eas
1611 2614 1780 2663 curas,
1809 2614 1902 2647 nec

157 2683 203 2718 :10
221 2670 455 2721 adversus
486 2678 716 2720 externos
741 2670 918 2720 studia
945 2670 1140 2719 militum
1167 2672 1350 2735 quaeri.
1410 2670 1526 2719 nihil
1563 2669 1786 2718 relictum
1817 2670 1901 2717 im-

218 2741 545 2806 peratoribus,
571 2741 651 2790 ubi
678 2741 857 2790 femina
882 2740 1151 2806 manipulos
1178 2741 1445 2804 intervisat,
1474 2741 1612 2802 signa
1630 2738 1785 2802 adeat,
1809 2738 1900 2787 lar-

218 2811 454 2873 gitionem
480 2819 697 2876 temptet,
725 2819 964 2876 tamquam
993 2826 1159 2876 parum
1185 2810 1438 2860 ambitiose
1464 2809 1609 2858 filium
1631 2808 1767 2857 ducis
1787 2823 1900 2871 gre-

218 2879 318 2942 gali
370 2880 534 2929 habitu
585 2881 890 2930 circumferat
941 2879 1297 2945 Caesaremque
1348 2878 1616 2942 Caligulam
1660 2877 1900 2943 appellari

217 2949 351 2999 velit.
401 2952 643 3015 potiorem
670 2952 761 2998 iam
789 2951 915 3015 apud
956 2953 1198 3001 exercitus
1225 2949 1545 3015 Agrippinam
1583 2963 1722 3013 quam
1764 2948 1899 3010 lega-
