1976 3224
600 224 776 263 LlBER
811 224 889 262 1v.
931 223 1053 264 cAP.
1091 222 1290 265 61-66,
1687 212 1784 263 143

119 361 166 404 et
188 353 359 403 medici
382 353 565 418 >passim
591 351 824 417 praebiti,
854 351 1036 415 fuitque
1071 353 1184 401 urbs
1222 369 1310 417 per
1345 354 1457 402 illos
1493 352 1596 400 dies
1623 363 1843 415 quam-10

117 439 256 490 quam
281 430 462 472 maesta
485 422 610 470 facie
636 429 850 470 veterum
874 422 1098 469 institutis
1125 423 1316 486 similis,
1356 425 1432 487 qui
1468 437 1639 484 magna
1673 428 1786 485 post

114 493 305 559 proelia
336 492 528 541 saucios
555 491 812 554 largitione
839 497 886 538 et
913 505 1023 539 eura
1053 492 1399 542 sustentabant.

221 563 303 612 64.
336 561 555 610 Nondum
590 576 648 610 ea
685 560 848 609 clades
889 559 1201 624 exoleverat,
1251 577 1355 611 eum
1395 563 1519 625 ignis
1558 560 1784 609 violentia

117 633 287 682 urbem>
311 631 433 680 ultra
459 630 649 679 solitum
684 629 887 693 adfecit,
927 629 1097 679 deusto
1135 639 1296 681 monte
1325 630 1521 688 Caelio;
1561 630 1782 679 feralem·
1835 689 1839 694 ,

117 717 210 767 que
236 715 405 750 annum
431 699 653 748 ferebant
680 707 728 758 et
753 699 989 749 ominibus
1017 700 1235 750 adversis
1261 708 1539 766 susceptum
1578 699 1785 764 principi

117 771 370 821 consilium
394 769 657 831 absentiae,
688 770 767 833 qui
792 784 896 818 mos
926 770 1093 834 vulg0,
1132 771 1330 820 fortuita
1369 771 1426 820 ad
1466 770 1654 834 culpam
1691 777 1783 817 tra·

116 842 301 903 hentes,
329 842 375 888 ni
404 838 586 889 Caesar
611 839 802 888 obviam
832 841 953 888 isset
978 840 1232 889 tribuendo
1265 842 1498 905 pecunias
1541 855 1602 888 ex
1641 838 1783 887 modo
1804 858 1824 889 5

115 910 399 960 detrimenti.
451 916 683 974 actaeque
721 911 765 957 ei
792 917 957 973 grates
996 910 1124 975 apud
1165 917 1378 960 senatum
1413 910 1471 960 ab
1507 908 1786 958 inlustribus

116 981 334 1045 famaque
371 978 497 1044 apud
534 978 794 1044 populum,
837 979 946 1043 quia
988 981 1090 1028 sine
1132 979 1389 1029 ambitione
1425 987 1502 1029 aut
1542 980 1784 1043 proximo-

116 1065 216 1100 rum
241 1047 469 1114 precibus
496 1049 692 1112 ignotos
722 1050 863 1098 etiam
893 1056 940 1097 et
976 1050 1103 1098 ultro
1143 1050 1330 1099 accitos
1362 1050 1685 1114 munificentia
1719 1049 1785 1095 iu-

116 1126 267 1169 verat.
338 1118 569 1168 adduntur
613 1121 878 1167 sententiae
929 1126 980 1166 ut
1020 1134 1157 1168 mons
1204 1118 1398 1168 Caelius
1445 1121 1490 1166 in
1538 1125 1786 1182 posterum

116 1189 362 1252 Augustus
401 1187 753 1252 appellaretur,
803 1187 992 1252 quando
1034 1190 1217 1237 cunctis
1257 1190 1436 1237 circum
1470 1186 1784 1251 flagrantibus
1801 1204 1843 1237 ιο

118 1258 224 1307 sola
252 1257 431 1307 Tiberii
457 1257 676 1320 efligieS,
715 1259 803 1306 sita
845 1259 893 1305 in
929 1258 1071 1306 domo
1107 1258 1227 1306 Iunii
1261 1260 1525 1321 senatoris,
1555 1256 1786 1305 inviolata

118 1328 389 1377 mansisset.
441 1327 665 1375 evenisse
699 1325 747 1375 id
783 1326 895 1375 olim
923 1326 1151 1377 Claudiae
1180 1329 1415 1392 Quintae,
1455 1328 1654 1392 eiusque
1693 1333 1784 1374 sta-

118 1405 245 1446 tuam
280 1398 375 1445 vim
408 1397 586 1460 ignium
623 1395 697 1444 bis
732 1395 944 1461 elapsam
979 1399 1188 1447 maiores
1234 1398 1361 1462 apud
1410 1396 1579 1446 aedem
1621 1396 1786 1443 matris

120 1467 258 1516 deum
300 1466 683 1515 consecravisse.
743 1474 938 1516 sanctos
974 1475 1304 1533 acceptosque
1340 1466 1608 1516 numinibus
1645 1463 1784 1513 Clau-

121 1537 225 1586 dios
255 1542 301 1584 et
325 1535 592 1599 augendam
619 1537 955 1585 caerimoniam
978 1537 1121 1601 loc0,
1161 1539 1207 1585 in
1248 1552 1343 1602 quo
1378 1544 1555 1586 tantum
1582 1537 1628 1584 in
1657 1535 1842 1600 prin-15

121 1606 278 1670 cipem
302 1605 537 1655 honorem
563 1603 608 1653 di
640 1605 966 1655 ostenderent.

227 1675 310 1724 65.
338 1674 474 1724 Haud
498 1674 642 1723 fuerit
678 1675 931 1724 absurdum
966 1675 1158 1725 tradere
1191 1684 1399 1726 montem
1442 1692 1547 1724 eum
1584 1675 1783 1739 antiqui-

120 1753 195 1794 tus
234 1744 669 1809 Querquetulanum
718 1753 1042 1809 cognomento
1086 1746 1261 1810 fuisse,
1307 1745 1435 1810 quod
1477 1746 1584 1794 talis
1631 1744 1784 1792 silvae

119 1814 347 1878 frequens
367 1813 694 1879 fecundusque
721 1823 838 1877 erat,
869 1830 981 1865 mox
1004 1815 1216 1865 Caelium
1239 1816 1565 1880 appellitatum
1587 1830 1613 1863 a
1636 1813 1784 1863 Caele

121 1882 360 1945 Vibenna,
389 1884 467 1947 qui
494 1883 588 1931 dux
616 1885 774 1946 gentis
798 1884 1033 1934 Etruscae
1057 1901 1160 1933 cum
1187 1885 1409 1934 auxilium
1436 1891 1462 1941 †
1490 1882 1784 1949 appellatum

122 1953 338 2014 tauisset,
368 1951 529 2000 sedem
560 1962 948 2017 eam·acceperat
975 1970 1001 2003 a
1027 1954 1287 2018 Tarquinio
1325 1955 1516 2017 Prisco,
1551 1969 1638 2002 seu
1675 1954 1817 2016 quis5

124 2021 243 2071 alius
266 2036 434 2084 regum
459 2021 611 2070 dedit:
652 2036 758 2070 nam
793 2024 1061 2088 scriptores
1086 2025 1139 2071 in
1177 2039 1236 2073 eo
1265 2023 1562 2072 dissentiunt.
1620 2029 1783 2070 cetera

123 2105 218 2139 non
258 2090 478 2154 ambigua
517 2097 649 2154 sunt,
690 2107 886 2155 magnas
923 2107 1007 2142 eas
1042 2093 1210 2157 copias
1244 2108 1333 2157 per
1369 2092 1511 2157 plana
1548 2092 1689 2139 etiam
1728 2105 1784 2138 ac

122 2160 231 2210 foro
262 2163 532 2225 propinqua
556 2160 871 2225 habitavisse,
898 2161 1020 2210 unde
1047 2162 1250 2211 Tuscum
1286 2163 1441 2210 vicum
1481 2176 1508 2209 e
1542 2159 1783 2209 vocabulo

123 2229 410 2279 advenarum
437 2230 625 2295 dictum.

227 2299 310 2350 66.
347 2299 443 2348 Sed
468 2307 519 2348 ut
553 2300 704 2348 studia
740 2313 998 2364 procerum
1034 2308 1082 2350 et
1116 2301 1308 2365 largitio
1348 2301 1584 2366 principis
1613 2299 1784 2349 adver-

125 2384 226 2418 sum
259 2384 398 2418 casus
423 2369 656 2418 solacium
684 2369 911 2433 tulerant,
950 2372 1013 2420 ita
1050 2378 1381 2420 accusatorum
1413 2371 1566 2419 maior
1602 2370 1647 2417 in
1682 2368 1784 2417 dies

125 2445 174 2487 et
210 2439 430 2488 infestior
462 2440 535 2488 vis
571 2441 673 2488 sine
707 2437 978 2489 levamento
1016 2440 1350 2504 grassabatur3
1390 2441 1786 2503 corripueratque

124 2505 298 2557 Varum
327 2509 625 2570 Quintilium,
654 2509 846 2558 divitem
871 2517 917 2559 et
948 2509 1143 2559 Caesari
1168 2512 1512 2575 propinquum,
1547 2507 1784 2556 Domitius

127 2575 262 2640 Afer,
287 2577 515 2627 Claudiae
540 2578 774 2627 Pulchrae
799 2582 962 2628 matris
989 2581 1090 2629 eius
1127 2580 1496 2640 condemnator,
1530 2577 1663 2624 nullo
1699 2575 1781 2624 mi·
1798 2586 1820 2619 5

127 2654 260 2696 rante
295 2647 422 2712 quod
464 2648 539 2696 diu
581 2663 732 2710 egens
777 2655 823 2696 et
867 2657 1006 2712 parto
1055 2664 1207 2713 nuper
1249 2648 1464 2712 praemio
1504 2645 1628 2694 male
1671 2659 1784 2692 usus

128 2715 262 2780 plura
298 2717 356 2766 ad
372 2717 570 2781 ,flagitia
610 2718 960 2780 accingeretur.
1016 2718 1067 2766 P.
1101 2717 1403 2766 Dolabellam
1438 2717 1620 2775 socium
1657 2713 1783 2762 dela-

129 2785 268 2834 tionis
294 2788 510 2836 extitisse
537 2787 766 2836 miraculo
794 2794 920 2849 erat,
958 2788 1065 2851 quia
1101 2788 1244 2836 claris
1277 2784 1533 2834 maioribus
1571 2791 1619 2832 et
1651 2785 1784 2833 Varo

134 2866 342 2905 conexus
382 2872 512 2907 suam
546 2857 651 2926 ipse
691 2855 1014 2919 nobilitatem,
1063 2872 1194 2905 suum
1236 2856 1513 2918 sanguinem
1549 2853 1785 2919 perditum

132 2921 242 2973 ibat.
307 2927 478 2976 restitit
512 2934 669 2976 tamen
718 2933 909 2974 senatus
953 2934 1000 2974 et
1050 2925 1391 2991 opperiendum
1445 2925 1867 2988 imperatoremm.
