1976 3224
269 210 374 261 222
703 220 978 260 CORNELII
1007 219 1201 258 TAcrm
1227 220 1531 259 ANNALmM

272 350 359 414 dii,
400 365 539 414 quam
565 349 851 398 temulentus
877 351 1087 411 iecerat,
1119 346 1264 397 fatale
1291 346 1381 396 sibi
1412 355 1461 397 ut
1488 350 1743 414 coniugum
1768 350 1947 414 flagitia

212 420 453 483 10ferret,
481 419 592 468 dein
619 421 833 484 puniret,
862 426 1095 482 metuenS,
1122 433 1273 481 agere
1299 425 1348 467 et
1376 418 1594 468 celerare
1623 422 1809 483 statuit,
1838 435 1947 484 per-

271 489 367 538 dita
403 490 536 554 prius
574 489 783 538 Domitia
821 488 1001 552 Lepida
1040 487 1353 536 muliebribus
1394 491 1576 552 causis,
1626 491 1734 554 quia
1768 489 1948 554 Lepida

269 560 456 608 minore
483 559 694 608 Antonia
729 559 921 621 genita,
960 557 1198 607 avunculo
1237 557 1488 622 Augusto,
1531 558 1834 624 Agrippinae
1870 574 1947 608 so-

269 629 408 679 brina
435 630 568 694 prior
615 644 673 678 ac
700 628 849 694 Gnaei
878 628 1033 677 mariti
1060 629 1165 676 eius
1193 642 1362 691 soror,
1394 643 1558 692 parem
1587 629 1679 678 sibi
1709 629 1947 678 claritudi-

268 714 376 748 nem
413 698 661 749 credebat.
719 713 813 748 nec
847 698 1001 747 forma
1038 704 1173 747 aetas
1211 713 1335 763 opes
1371 698 1565 748 multum
1597 698 1859 756 distabant;
1901 705 1949 747 et

212 784 254 818 15
270 777 473 834 utraque
504 769 754 835 inpudica,
787 768 1003 828 infamiS,
1037 768 1276 831 violenta,
1303 767 1429 817 haud
1453 770 1608 819 minus
1635 770 1760 818 vitiis
1790 784 1947 818 aemu-

267 838 516 902 labantur,
543 854 684 903 quam
706 840 745 887 si
773 853 866 903 qua
887 854 951 887 ex
967 838 1159 888 fortuna
1184 852 1425 903 prospera
1449 847 1758 904 acceperant.
1804 839 1947 888 enim-

266 924 388 958 vero
419 916 664 959 certamen
689 910 1001 971 acerrimum,
1040 910 1183 958 amita
1221 909 1384 974 potius
1414 923 1472 958 an
1513 917 1666 959 mater
1698 908 1824 974 apud
1851 907 1947 956 Ne-

267 994 436 1029 ronem
462 979 796 1043 praevaleret:
824 994 930 1028 nam
954 977 1136 1043 Lepida
1163 977 1501 1029 blandimentis
1530 994 1588 1028 ac
1611 977 1948 1042 largitionibus

267 1049 528 1098 iuvenilem
553 1050 755 1098 animum
781 1047 1113 1112 devinciebat,
1137 1049 1262 1097 truci
1293 1055 1462 1099 contra
1485 1064 1543 1101 ae
1566 1049 1740 1098 minaci
1767 1048 1945 1112 Agrip-

208 1136 252 1170 20
271 1121 395 1184 pina,
419 1134 541 1183 quae
559 1119 658 1168 lilio
681 1118 797 1167 dare
816 1116 1080 1183 imperium,
1101 1118 1313 1167 tolerare
1333 1119 1683 1183 imperitantem
1702 1117 1940 1184 nequibat.

376 1190 460 1239 65.
502 1187 727 1238 Ceterum
748 1187 941 1237 obiecta
966 1196 1088 1251 sunt,
1117 1188 1245 1253 quod
1269 1191 1524 1253 coniugem
1546 1190 1776 1255 principis
1797 1187 1946 1237 devo-

267 1258 479 1308 tionibus
516 1260 771 1323 petivisset
810 1258 1037 1323 quodque
1085 1273 1250 1323 parum
1294 1261 1522 1309 coercitis
1558 1275 1649 1325 per
1676 1257 1946 1310 Calabriam

269 1343 521 1378 servorum
565 1328 834 1392 agminibus
873 1343 1044 1393 pacem
1073 1327 1242 1378 Italiae
1275 1330 1506 1380 turbaret.
1567 1329 1630 1380 oh
1666 1330 1790 1379 haec
1815 1343 1947 1377 mors

267 1398 473 1463 indicta,
504 1399 699 1448 multum
734 1399 1023 1448 adversante
1047 1398 1307 1463 Narcisso,
1345 1401 1425 1465 qui
1449 1400 1768 1466 Agrippinam
1792 1399 1946 1461 magis

231 1472 523 1535 smagisque
559 1477 845 1535 suspectans
891 1471 1191 1534 prompsisse
1239 1471 1363 1519 inter
1408 1472 1659 1536 proximos
1699 1467 1947 1518 ferebatur

269 1548 448 1590 certam
477 1539 568 1590 sibi
595 1540 883 1605 perniciem,
911 1553 997 1587 seu
1021 1538 1320 1588 Britannicus
1346 1555 1505 1589 rerum
1539 1555 1624 1590 seu
1650 1539 1781 1589 Nero
1809 1545 1945 1603 pote-

265 1617 423 1668 retur3
462 1626 629 1659 verum
655 1611 719 1659 ita
748 1609 808 1658 de
836 1624 890 1658 se
914 1610 1132 1658 meritum
1154 1608 1440 1672 Caesarem,
1469 1618 1519 1659 ut
1544 1611 1687 1658 vitam
1713 1610 1818 1657 usui
1843 1608 1945 1656 eius

266 1680 571 1745 inpenderet.
641 1679 911 1728 convictam
939 1679 1247 1728 Messalinam
1285 1687 1332 1728 et
1359 1679 1554 1736 Silium;
1592 1694 1737 1743 pares
1773 1679 1945 1726 iterum

269 1749 526 1800 accusandi
566 1764 738 1798 causas
776 1764 911 1805 esse;
950 1751 990 1797 si
1014 1748 1148 1798 Nero
1183 1750 1482 1814 imperitaret
1519 1748 1795 1802 Britannico
1835 1761 1942 1796 suc·

212 1830 254 1863 10
272 1833 498 1883 cessore,
535 1819 713 1867 nullum
748 1818 955 1883 principi
987 1819 1230 1868 meritum:
1275 1826 1321 1868 at
1354 1834 1602 1869 novercae
1638 1817 1821 1868 insidiis
1860 1816 1943 1865 do-

267 1903 392 1938 mum
431 1903 616 1938 omnem
654 1888 890 1952 convelli,
937 1889 1120 1938 maiore
1158 1889 1342 1952 flagitio
1375 1904 1515 1954 quam
1550 1891 1589 1938 si
1621 1887 1945 1954 inpudicitiam

266 1959 446 2025 prioris
480 1960 699 2022 coniugis
736 1959 1026 2008 reticuisset.
1078 1973 1364 2025 quamquam
1395 1976 1456 2009 ne
1490 1958 1814 2025 inpudicitiam
1843 1957 1942 2021 qui-

268 2030 376 2079 dem
411 2044 538 2078 nunc
575 2029 751 2078 abesse
775 2027 992 2079 Pallante
1018 2028 1265 2092 adultero,
1305 2045 1366 2078 ne
1403 2031 1511 2094 quis
1546 2028 1755 2092 ambigat
1794 2027 1944 2076 decus

265 2099 502 2165 pudorem
541 2114 757 2164 corpus5
788 2106 958 2149 cuncta
991 2114 1146 2163 regno
1184 2099 1359 2149 viliora
1391 2099 1589 2149 habere.
1654 2098 1777 2147 haec
1801 2103 1956 2161 atque,

210 2187 249 2219 15
265 2170 379 2220 talia
407 2169 628 2219 dictitans
658 2168 886 2234 amplecti
916 2169 1264 2233 Britannicum,
1298 2167 1446 2219 robur
1475 2169 1644 2218 aetatis
1682 2182 1820 2232 quam
1846 2181 1963 2228 ma-¹

266 2241 510 2289 turrimum
547 2240 769 2303 precari,
811 2238 955 2288 modo
994 2238 1239 2302 addeOS,
1278 2239 1423 2288 modo
1462 2238 1520 2288 ad
1553 2239 1706 2304 ipsum
1743 2236 1943 2286 tendere

266 2325 459 2373 manus,
489 2308 823 2372 adolesceret,
860 2309 1011 2374 patris
1037 2310 1254 2358 inimicos
1281 2309 1574 2374 depelleret,
1609 2308 1780 2357 matris
1802 2307 1940 2355 etiam

265 2379 606 2428 interfectores
632 2379 967 2429 ulcisceretur.

369 2449 452 2500 66.
495 2448 549 2498 In
574 2456 702 2498 tanta
727 2449 856 2497 mole
889 2464 1104 2497 curarum
1130 2448 1407 2498 valetudine
1432 2448 1635 2498 adversa
1665 2447 1939 2510 corripitur,

266 2518 645 2583 refovendisque
687 2518 866 2567 viribus
908 2518 1109 2568 mollitia
1151 2518 1272 2567 caeli
1313 2527 1361 2568 et
1400 2518 1678 2568 salubritate
1714 2530 1940 2580 aquarum

268 2591 545 2639 Sinuessam
573 2589 750 2653 pergit.
799 2596 893 2637 tum
919 2588 1220 2653 Agrippina,
1250 2589 1453 2638 sceleris
1482 2588 1594 2639 olim
1623 2594 1753 2636 certa
1780 2593 1828 2635 et
1855 2585 1937 2633 ob-

267 2659 393 2708 latae
420 2659 697 2708 occasionis
734 2673 946 2723 propera
976 2673 1068 2707 nec
1093 2659 1416 2709 ministrorum
1449 2673 1629 2722 egens,
1669 2655 1727 2704 de
1753 2669 1938 2719 genere

226 2748 247 2781 s
267 2731 442 2778 veneni
472 2729 785 2792 consultavit,
816 2744 876 2777 ne
903 2730 1157 2792 repentino
1190 2737 1238 2778 et
1268 2729 1523 2794 praecipiti
1550 2727 1733 2776 facinus
1763 2724 1936 2790 prode-

267 2806 424 2855 retur;
465 2799 504 2847 si
530 2799 708 2847 lentum
737 2807 782 2847 et
808 2799 1014 2847 tabidum
1040 2798 1331 2863 delegisset,
1364 2793 1428 2847 ¹ne
1455 2797 1671 2847 admotus
1701 2794 1936 2860 supremis

273 2867 497 2917 Claudius
536 2876 583 2917 et
614 2870 727 2918 dolo
763 2869 1012 2917 intellecto
1042 2869 1098 2917 ad
1128 2884 1336 2918 amorem
1374 2868 1454 2916 lilii
1477 2866 1670 2916 rediret.
1729 2863 1934 2930 exquisi-

268 2943 363 2985 tum
393 2938 569 3001 aliquid
597 2938 847 3001 placebat,
887 2938 1014 3001 quod
1056 2939 1269 2987 turbaret
1300 2945 1505 2986 mentem
1542 2944 1589 2986 et
1616 2944 1817 2985 mortem
1847 2932 1932 2982 dif-
