1950 3210
127 222 356 261 XXXVIII
613 224 1068 264 COMMENTARIUS
1105 227 1385 267 ORITICUS.

271 350 363 412 13,
400 360 429 403 4
455 358 734 402 accenderet
774 356 779 416 Ι
826 365 850 405 5
889 373 1031 417 seque
1063 358 1271 405 Senecae
1298 360 1359 405 L.-
1395 375 1540 420 seque
1576 376 1691 409 nece
1734 357 1742 428 Ι
1791 370 1839 412 12

129 422 453 484 intempestate
486 420 492 489 Ι
527 432 583 476 16
615 433 806 472 caveret
833 428 876 472 R
909 424 915 491 Ι
955 433 1003 477 17
1033 429 1238 474 atrocius

273 493 365 552 14,
405 501 433 544 3
459 496 680 542 arbitrum
708 498 769 541 al.
788 532 798 552 ,
829 503 875 543 at
902 513 940 544 v.
965 498 1083 545 Hist.
1115 503 1168 556 4,
1200 503 1254 546 21
1290 493 1295 562 Ι
1329 504 1356 548 6
1381 513 1438 545 ne
1469 513 1592 549 corr.
1621 515 1684 549 ex
1711 518 1799 563 que
1829 499 1836 568 Ι

124 569 153 614 8
179 570 337 610 rueret
377 559 385 628 Ι
429 573 482 614 11
509 566 726 626 adoptius
768 565 776 626 Ι
827 573 880 615 12
905 568 1111 614 abnuere
1139 568 1272 627 sequi
1314 562 1324 633 Ι
1369 576 1423 618 15
1448 571 1556 618 inde
1581 572 1753 620 debilis
1778 573 1841 619 L:

125 634 344 680 indebilis
375 633 510 697 (inde
541 636 649 682 vilis
676 633 766 698 al.)
800 637 806 696 Ι
841 643 896 687 16
922 652 1082 683 rursus
1110 643 1298 684 auctore
1319 640 1536 687 Brotiero
1560 643 1839 697 inclusimus,
1873 642 1876 650 ⁴

126 705 249 764 quod
267 705 493 764 ylossema
517 707 629 751 addi
644 721 848 765 pronum
867 707 985 766 fuit,
1009 715 1255 767 postquam
1274 709 1381 755 inde
1407 711 1494 756 levi
1514 712 1843 771 depravatione

128 787 190 821 ex
221 775 462 821 verborum
489 781 705 822 contextu
729 780 928 823 evanuit.
964 771 972 842 Ι
1007 782 1059 827 17
1091 780 1430 838 expostulantis

273 843 365 904 15,
409 851 436 894 3
471 846 565 892 levi
602 847 787 905 quidem
820 848 882 893 F.-
923 853 972 892 ut
1008 848 1191 906 quidam
1233 847 1239 908 Ι
1286 858 1311 898 5
1351 851 1584 908 equalium
1613 851 1766 900 ludica
1795 848 1839 908 ᾗ.

127 930 321 974 regnum
353 910 360 979 Ι
393 921 451 964 24
475 917 756 975 securitate,
784 931 868 963 em.
888 918 962 964 Pu
995 913 1002 982 Ι
1035 923 1092 966 26
1118 924 1395 977 urgerentur

275 982 368 1043 16,
406 993 434 1034 4
473 986 605 1032 cibus
633 992 864 1047 potusque
900 988 1001 1033 eius
1037 988 1246 1034 delectus
1284 1003 1342 1034 ex
1369 991 1567 1037 ministri
1595 998 1732 1051 gustu
1758 1008 1841 1040 ex-

128 1057 429 1116 plorabatur,
455 1069 537 1101 em.
569 1057 826 1109 Danesiu85
863 1058 994 1104 cibus
1022 1073 1066 1117 p.
1101 1072 1142 1104 e.
1176 1059 1346 1104 delecti
1374 1074 1433 1106 ex
1454 1061 1678 1108 ministris
1705 1070 1843 1122 gustu

129 1127 462 1186 explorabatur
484 1126 716 1186 Kiesslinq
764 1122 774 1192 Ι
824 1135 850 1177 5
878 1128 1138 1186 omitteret,
1182 1141 1265 1173 em.
1292 1130 1335 1174 B
1386 1125 1392 1194 Ι
1444 1137 1470 1180 9
1510 1132 1702 1191 spiritus
1741 1134 1842 1180 eius

130 1193 228 1256 rap.
274 1192 282 1260 Ι
328 1202 383 1246 13
408 1197 633 1256 primum,
664 1210 746 1244 em.
775 1198 816 1243 A
841 1199 939 1244 coll.
982 1202 1032 1256 I,
1075 1202 1106 1243 4
1147 1191 1153 1261 Ι
1199 1203 1254 1247 14
1280 1200 1526 1260 agrippina
1569 1197 1577 1267 Ι
1624 1207 1680 1252 16
1705 1209 1843 1263 atque

129 1268 236 1312 add.
262 1268 317 1322 F,
353 1269 443 1312 nisi
454 1270 613 1326 pocius
641 1283 775 1327 quam
802 1268 1040 1325 intercidit,
1069 1274 1118 1313 ut
1139 1269 1335 1314 malebat
1359 1269 1454 1315 Otto
1473 1272 1537 1314 ad
1554 1273 1674 1317 Ann.
1699 1281 1741 1330 1,
1765 1279 1841 1326 18;

128 1351 185 1384 ac
209 1333 320 1397 (om.
344 1333 608 1398 Octaviam)
635 1339 835 1396 Brotier,
861 1345 909 1384 uc
930 1340 1031 1383 item
1061 1340 1197 1384 voluit
1215 1338 1435 1385 Petersen
1455 1341 1521 1399 ΙΙ,
1549 1356 1590 1400 p.
1615 1347 1668 1396 4;
1697 1343 1843 1390 fuisse

133 1405 422 1469 [Octaviam,
446 1421 658 1453 sororem
685 1405 818 1470 Brit.]
848 1408 1113 1454 constiterit
1139 1409 1188 1453 N

274 1475 358 1535 17,
395 1482 425 1525 4
460 1479 679 1537 protendi
713 1477 719 1538 Ι
753 1487 779 1527 5
807 1484 957 1525 tamen
980 1478 1050 1529 H.-
1086 1480 1222 1524 etiam
1254 1476 1262 1542 Ι
1295 1485 1321 1528 6
1349 1482 1625 1527 extimentes
1654 1497 1738 1540 pr.
1765 1498 1843 1541 m.,

130 1548 400 1595 estimantes
423 1561 579 1607 corr.,
606 1549 927 1595 existimantes
953 1551 1013 1594 al.
1049 1549 1055 1608 Ι
1089 1553 1114 1598 7
1146 1549 1331 1595 illusum
1359 1564 1494 1609 esso,
1520 1563 1602 1596 em.
1630 1552 1700 1603 E,·
1735 1553 1843 1598 illu-

130 1619 251 1666 sisse
279 1617 323 1663 R
356 1611 366 1682 Ι
400 1624 456 1666 10
488 1619 719 1665 sororium
748 1607 820 1665 Bz
852 1613 858 1683 Ι
893 1625 948 1669 13
975 1620 1037 1665 ita
1067 1619 1183 1664 Hm.-
1219 1619 1265 1665 id
1300 1635 1325 1666 a
1358 1617 1409 1681 (a
1442 1633 1546 1681 sup.
1573 1619 1704 1684 lin.);
1739 1623 1787 1669 id
1817 1638 1843 1669 a

129 1689 215 1734 del.
245 1689 336 1746 alii,
364 1689 445 1733 alii
467 1703 492 1734 a
511 1690 655 1734 solum
675 1691 962 1749 reliquerunt
970 1709 983 1740 ;
1002 1691 1154 1748 possis
1180 1691 1312 1735 etiam
1338 1691 1541 1737 seribere
1567 1691 1630 1739 ita
1651 1707 1676 1739 a
1697 1692 1843 1754 maip-

129 1759 260 1804 ribus
286 1754 590 1819 (quamquam
618 1774 643 1805 a
669 1759 829 1805 abesse
847 1756 1049 1819 potest),
1086 1765 1135 1803 ut
1163 1765 1229 1804 cst
1264 1766 1319 1817 3,
1357 1766 1422 1811 69Δ
1439 1761 1510 1808 sic
1536 1775 1561 1808 a
1589 1762 1841 1809 maioribus

130 1828 387 1875 institutum
412 1833 493 1873 etc.
529 1824 536 1891 Ι
572 1836 626 1878 15
654 1835 858 1875 ceterum
885 1830 1012 1875 exibi

275 1892 367 1945 18.
401 1903 430 1945 4
454 1900 638 1945 scelere
682 1894 687 1962 Ι
731 1905 760 1948 8
785 1901 1027 1959 corripere
1053 1899 1092 1944 L
1123 1893 1132 1961 Ι
1179 1904 1231 1947 12
1261 1900 1556 1959 imperatoris
1585 1901 1721 1959 olim,
1750 1906 1843 1947 tum

133 1972 179 2014 ut
207 1969 339 2014 matri
366 1969 427 2013 L.-
461 1969 755 2028 imperatoris
785 1970 997 2028 solitum,
1026 1973 1075 2014 ut
1102 1969 1235 2016 matri
1268 1964 1276 2033 Ι
1320 1975 1375 2019 13
1402 1984 1549 2030 nuper
1575 1971 1767 2017 eundem
1797 1972 1843 2016 in

131 2038 413 2084 Boetticher:
453 2053 594 2098 super
631 2040 825 2085 eundem
859 2034 866 2102 Ι
903 2044 957 2087 14
983 2039 1197 2099 digredi,
1236 2052 1321 2086 em.
1346 2040 1392 2085 E
1417 2039 1426 2103 Ι
1461 2045 1516 2090 16
1547 2054 1665 2100 quac
1701 2054 1842 2100 proa-

130 2109 236 2155 viae
260 2108 492 2155 Antoniae
523 2108 572 2154 N
1031 2151 1035 2153 a

277 2176 369 2235 19,
407 2183 434 2225 2
464 2178 602 2225 nixae
630 2179 694 2224 L.-
733 2179 839 2225 nixa
873 2178 880 2239 Ι
913 2184 941 2227 4
967 2180 1190 2226 incertum
1214 2183 1302 2236 aL,
1338 2195 1380 2226 v.
1409 2187 1490 2238 11,
1516 2186 1544 2230 9
1575 2175 1584 2245 Ι
1627 2181 1754 2227 Iunia
1779 2179 1841 2226 L.-

131 2248 243 2294 iulia
276 2242 283 2311 Ι
319 2255 370 2295 11
398 2262 483 2307 spe
510 2249 702 2295 ultionis
727 2249 789 2293 L.-
819 2250 1157 2308 speculationis
1189 2244 1199 2314 Ι
1242 2256 1296 2300 12
1322 2250 1545 2296 Titurium
1568 2252 1674 2296 mal.
1706 2251 1768 2308 L,
1794 2255 1845 2296 ut

131 2330 293 2364 nomen
318 2320 541 2375 scriptum
567 2324 633 2363 est
665 2321 713 2363 in
740 2318 863 2363 Med.
896 2324 972 2376 14,
1013 2324 1091 2376 12,
1127 2321 1211 2365 sed
1226 2321 1532 2379 praecedente
1553 2321 1731 2381 syllaba
1757 2325 1803 2366 at
1830 2314 1838 2383 Ι

134 2393 189 2438 13
203 2386 425 2434 differens
458 2383 466 2451 Ι
501 2394 554 2436 15
579 2386 807 2433 Neronem
828 2387 882 2432 H
907 2382 913 2452 Ι
948 2393 1003 2437 16
1024 2389 1162 2435 etiam
1181 2390 1343 2449 perio,
1372 2391 1493 2435 unde
1512 2391 1622 2437 Net
1643 2390 1840 2450 imperio

274 2454 340 2504 20
358 2492 372 2515 ,
410 2462 436 2504 2
462 2458 590 2503 lusus
618 2457 660 2502 R
697 2460 701 2505 1
738 2462 791 2504 12
812 2459 959 2503 secuti
994 2460 1054 2503 al.
1090 2454 1097 2521 Ι
1133 2465 1186 2508 18
1211 2465 1448 2519 reputaret
1469 2460 1535 2505 L:
1564 2461 1770 2507 refutare

274 2524 368 2584 21,
408 2532 434 2573 2
463 2541 657 2586 poenam
683 2526 803 2573 Hm.-
831 2541 949 2587 pena
969 2543 1048 2586 pr.
1077 2543 1161 2583 m.,
1189 2544 1333 2589 penas
1362 2544 1511 2586 corr„
1550 2530 1613 2589 cf.
1643 2535 1721 2588 14,
1755 2535 1805 2576 10
1829 2523 1837 2592 Ι

137 2603 162 2645 4
193 2598 393 2658 proinde
437 2598 475 2641 A
522 2590 530 2661 Ι
581 2604 606 2644 5
643 2602 689 2641 et
721 2597 807 2642 del.
850 2596 922 2647 Β,-
968 2598 1080 2656 fort.
1118 2604 1268 2645 actum
1306 2605 1391 2645 est.
1459 2591 1719 2659 Agrippina
1762 2593 1769 2661 Ι
1812 2603 1837 2647 7

133 2668 330 2727 proinde
373 2662 379 2730 Ι
423 2673 478 2716 10
509 2664 806 2726 suscipienda
851 2661 858 2729 Ι
903 2673 958 2716 13
989 2683 1107 2714 nunc
1134 2704 1143 2714 .
1178 2703 1187 2713 .
1219 2669 1455 2728 componit
1486 2670 1766 2726 transposuit
1798 2667 1845 2713 N

125 2742 232 2796 post
255 2741 641 2796 praepararentur
666 2751 707 2782 v.
731 2741 783 2786 17
818 2734 825 2797 Ι
863 2741 912 2786 17
946 2744 1046 2783 aut:
1086 2744 1131 2785 at
1154 2741 1215 2784 al.
1248 2733 1258 2802 Ι
1290 2745 1348 2787 20
1371 2751 1451 2784 ac:
1480 2742 1525 2784 at
1548 2738 1587 2782 L
1615 2733 1624 2802 Ι
1657 2743 1711 2786 21
1739 2738 1839 2783 vin-

133 2805 369 2853 dicaturus
399 2806 454 2850 H
459 2841 469 2858 ,
506 2806 749 2852 invasurus
773 2808 835 2852 al.
870 2802 878 2871 Ι
919 2813 976 2854 22
1001 2808 1269 2868 impotentia
1300 2810 1340 2854 A
1371 2806 1379 2867 Ι
1411 2812 1468 2856 26
1495 2821 1581 2853 nec
1608 2808 1666 2854 de
1695 2809 1840 2853 bene-

134 2875 253 2922 ficiis
287 2876 353 2926 A,·
391 2881 440 2919 at
475 2876 532 2920 de
566 2887 628 2921 ex
665 2890 750 2935 pro
785 2878 831 2922 in
865 2879 1018 2936 specie
1047 2879 1248 2937 quadam
1286 2878 1535 2936 zeuqmatis
1575 2879 1840 2937 coqitatione

133 2946 441 3005 repetendum.
