1976 3224
202 197 299 247 112
412 255 416 259 ,
468 195 470 197 ’
609 209 881 248 CORNELII
909 209 1103 247 TAorm
1131 210 1435 248 ANNALIUM

134 343 185 377 10
200 336 285 401 sed
313 336 682 400 praefulgebant
711 337 906 386 Cassius
933 346 1073 402 atque
1091 337 1260 386 Brutus
1282 353 1341 387 eo
1362 340 1490 404 ipso,
1515 338 1647 429 quod
1667 339 1861 403 efligies

199 420 363 454 eorum
389 420 482 454 non
509 406 800 455 visebantur.
848 456 855 458 ,

526 891 1081 958 CORNELII
1137 862 1526 961 TAo'ITI

618 1023 693 1074 AB
740 1019 991 1075 EXCESSU
1034 1025 1156 1075 DIVI
1202 1023 1449 1078 AUGUSTI

431 1145 503 1220 A
592 1141 665 1218 N
755 1116 989 1219 N'A
1077 1143 1146 1221 L
1234 1144 1277 1222 Ι
1361 1144 1438 1221 U
1524 1145 1614 1222 M

817 1293 1246 1345 LIBERIV.

190 1556 546 1599 BREVIARIUM
612 1557 712 1611 Cap.
744 1556 780 1597 1.
810 1557 1000 1600 Tiberius
1029 1532 1176 1601 saevit
1233 1558 1368 1599 Causa
1389 1571 1520 1612 penes
1546 1558 1714 1599 Aelium
1742 1558 1861 1600 Seia—

247 1628 360 1665 num,
388 1615 508 1654 cuius
528 1614 748 1667 ingenium
775 1621 815 1655 et
841 1627 994 1657 mores.
1059 1617 1099 1656 2.
1127 1617 1167 1656 Is
1206 1616 1533 1656 dominationem
1562 1616 1741 1669 aspirat,
1778 1627 1858 1668 quo

246 1681 291 1713 ut
314 1671 543 1726 perveniat,
566 1670 757 1712 Romae
747 1684 791 1711 111
815 1678 951 1713 castra
977 1673 1187 1727 praetoria
1211 1672 1386 1713 militem
1401 1672 1607 1713 conducit.
1656 1672 1696 1714 3.
1724 1673 1859 1714 Druso

245 1730 404 1770 Tiberii
434 1727 520 1768 filio
549 1728 774 1768 insidiatur
798 1742 875 1783 per
899 1742 1075 1771 uxorem
1102 1730 1205 1780 eius,
1232 1735 1376 1784 stupro
1400 1729 1617 1783 pollutam.
1675 1730 1718 1770 4
1752 1730 1860 1770 Dru-

247 1799 320 1829 sus
356 1784 591 1825 Germanici
626 1791 770 1838 togam
814 1787 977 1827 virilem
1011 1787 1152 1827 sumit.
1225 1785 1365 1827 Status
1406 1786 1620 1840 publicus,
1661 1798 1860 1828 numerus

244 1844 486 1896 legionum,
537 1841 580 1882 5.
615 1854 759 1882 earum
795 1850 834 1883 et
867 1843 1100 1884 cohortium
1138 1851 1178 1884 et
1217 1843 1415 1885 classium
1450 1844 1541 1884 loca
1575 1850 1842 1898 exponuntur

245 1901 287 1944 6.
323 1899 467 1941 Civilis
510 1898 816 1940 administratio
859 1901 995 1952 qualis
1043 1901 1259 1942 hactenus.
1331 1902 1372 1942 7.
1416 1899 1594 1942 Seianus
1632 1901 1850 1955 potentian

246 1962 387 2011 auget,
427 1955 467 1997 8.
497 1956 660 1996 sublato
691 1969 768 2010 per
794 1969 1004 1998 venenum
1025 1958 1177 1999 Druso.
1232 1958 1424 2000 Tiberius
1451 1959 1634 2000 animum
1656 1958 1854 2006 obfirmat.

246 2020 439 2057 senatum
466 2013 614 2066 erigit,
648 2014 772 2066 eique
796 2014 904 2055 filios
927 2013 1163 2055 Germanici
1193 2016 1277 2056 duo
1316 2015 1577 2056 commendat
1613 2022 1658 2056 ut
1697 2013 1859 2081 imperii

244 2071 437 2113 heredes.
483 2070 524 2112 9.
529 2043 697 2110 oFunus
725 2071 861 2112 Diuso
885 2072 1060 2113 illustre.
1113 2071 1182 2113 10.
1211 2073 1279 2113 Ll.
1309 2073 1431 2114 Falsa
1459 2068 1520 2113 de
1530 2073 1666 2114 Druso
1695 2072 1777 2112 ab
1767 2083 1860 2125 ipso

244 2136 363 2184 patre
393 2134 538 2168 necato
572 2126 698 2168 fama.
757 2129 823 2170 12.
860 2129 1010 2182 Populi
1038 2129 1158 2170 favor
1187 2129 1286 2171 filiis
1317 2129 1550 2171 Germanici
1583 2130 1750 2170 noxius.
1805 2129 1860 2168 Hs
1932 2150 1953 2163 2

245 2194 286 2227 et
314 2186 576 2239 Agrippinae
611 2183 790 2226 Seianus
814 2186 992 2226 insidias
1015 2188 1152 2227 struit.

331 2243 396 2284 13.
426 2242 619 2282 Tibe1ius
645 2242 880 2296 legationes
913 2250 952 2282 et
979 2244 1267 2284 accusationes
1303 2245 1517 2285 civitatum
1549 2250 1589 2285 et
1622 2243 1860 2299 provincia-

244 2313 338 2343 rum
365 2299 494 2339 audit.
554 2300 621 2339 14.
649 2299 710 2339 De
741 2299 869 2352 asylis
892 2308 1050 2350 actum3
1082 2299 1310 2341 histriones
1327 2302 1446 2343 Italia
1470 2301 1596 2355 pulsi.
1643 2300 1713 2342 15.
1743 2299 1862 2340 Alter

244 2369 298 2397 ex
325 2355 453 2396 Drusi
477 2355 618 2395 liberis
648 2356 747 2405 obit,
775 2356 875 2396 item
901 2356 1086 2397 Lucilius
1118 2357 1304 2411 Longus
1320 2358 1523 2410 principis
1555 2358 1729 2398 amicus.
1783 2355 1848 2397 Ca·

241 2415 329 2468 pito
355 2412 592 2452 damnatus.
645 2411 712 2455 16.
743 2412 832 2452 Lex
858 2413 942 2453 lata
969 2413 1020 2452 de
1047 2414 1214 2454 flamine
1246 2414 1368 2454 Diali.
1420 2414 1660 2455 Vestalibus
1690 2413 1849 2454 habitus

242 2471 396 2511 honos.

330 2527 399 2567 17.
431 2524 659 2566 Sollemnia
696 2534 793 2566 vota
829 2539 905 2580 pro
947 2528 1257 2580 principalis
1287 2527 1435 2567 inserti
1464 2527 1574 2568 Nero
1607 2533 1646 2567 et
1677 2526 1855 2567 Drusus.

241 2585 347 2624 Hinc
375 2583 517 2624 odium
555 2582 731 2633 Tibeiii,
778 2596 903 2634 quem
946 2583 1123 2624 Seianus
1173 2585 1370 2625 stimulat.
1429 2584 1494 2626 18.
1523 2584 1598 2624 Hic
1624 2581 1855 2624 Germanici

241 2642 398 2681 amicos
437 2639 702 2694 aggreditur.
750 2639 817 2682 19.
861 2639 987 2681 Silius
1025 2642 1258 2682 damnatur.
1324 2640 1397 2684 20.
1436 2642 1551 2684 Uxor
1600 2641 1691 2681 eius
1737 2639 1852 2681 Sosia

243 2699 340 2739 obit.
395 2697 568 2738 Cassius
596 2695 777 2737 Severus
805 2698 848 2737 in
875 2710 1024 2738 saxum
1046 2697 1270 2752 Seriphum
1289 2693 1514 2753 relegatur.
1573 2698 1644 2738 22.
1666 2697 1847 2737 Plautius

244 2754 439 2795 Silvanus
463 2754 585 2807 perit.

329 2811 399 2852 23.
429 2810 736 2851 Tacfarinatem
765 2812 873 2852 bella
898 2825 1045 2853 rursus
1072 2819 1333 2862 moventem,
1371 2814 1441 2853 24.
1470 2812 1686 2853 Dolabella
1713 2812 1848 2864 oppii-

240 2867 315 2906 mit
355 2867 424 2907 25.
458 2874 498 2907 et
517 2867 666 2908 caedit.
711 2867 783 2911 26.
813 2868 1101 2922 Triumphalia
1129 2870 1436 2923 nonimpetrat.
1476 2868 1739 2909 Ptolemaeus
1763 2881 1847 2908 mu-

240 2935 340 2963 nera
368 2924 531 2977 accipit.
583 2925 652 2964 27.
686 2923 858 2965 Sei-vilis
887 2933 1026 2966 motus
1048 2927 1209 2966 semina
1230 2939 1306 2980 pei
1330 2926 1490 2966 Italiam
1514 2937 1731 2979 oppressa.
1877 2923 1879 2925 “
