2008 3230
684 261 859 298 LIBER
881 261 918 298 1.
949 260 1072 297 CAP.
1100 257 1240 301 3--7-
1772 251 1802 298 5

139 389 268 455 quod
293 384 547 437 Maximum
572 389 710 437 uxori
743 387 952 436 Marciae
987 388 1263 451 aperuisse,
1304 390 1431 438 illam
1469 388 1646 437 Liviae.
1692 403 1803 450 gna-

138 474 241 509 rum
271 458 318 506 id
346 457 568 514 Caesari3
608 473 764 522 neque
802 458 950 506 multo
977 464 1089 521 post
1116 460 1326 506 extincto
1353 458 1586 520 Maximo,
1617 457 1805 506 dubium

139 545 198 579 an
234 530 450 592 quaesita
482 535 664 590 morte,
707 528 894 576 auditos
927 528 974 575 in
1007 526 1179 574 funere
1219 529 1320 575 eius
1353 528 1564 577 Marciae
1599 529 1805 590 gemitus

140 605 294 647 semet
317 598 596 658 incusantiS,
628 597 754 661 quod
785 611 927 645 causa
956 598 1088 645 exitii
1111 598 1280 645 marito
1307 597 1493 647 fuisset.
1550 605 1804 660 utcumque
1826 615 1865 647 ιο

140 683 194 717 se
226 683 282 715 ea
309 683 392 714 res
416 667 605 727 habuit,
643 666 835 714 vixdum
870 667 1120 728 ingressus
1156 666 1400 727 Illyricum
1434 667 1654 717 TiberIus
1694 681 1805 730 pro-

138 739 272 803 peris
300 737 460 784 matris
489 737 642 784 literis
669 737 874 791 accitur;
912 750 1071 799 neque
1100 737 1215 783 satis
1248 745 1530 800 conpertum
1569 744 1671 798 est,
1711 737 1805 800 spi-

138 814 335 857 rantem.
358 805 513 854 adhuc
549 805 818 868 Augustum
851 805 977 868 apud
1017 805 1185 857 urbem
1222 805 1393 855 Nolam
1444 823 1502 856 an
1540 806 1806 854 exanimem

140 876 428 941 reppererit.
481 875 671 923 acribus
699 889 903 938 namque
932 875 1162 922 custodiis
1190 875 1378 923 domum
1407 885 1455 924 et
1479 877 1580 924 vias
1607 890 1805 939 saepse-

140 954 211 998 rat
235 945 394 1007 Livia,
420 945 632 1008 laetique
657 944 891 992 interdum
926 945 1074 991 nuntii
1110 943 1456 1007 vulgabantur,
1496 946 1653 994 donec
1694 959 1804 1008 pro·
1829 965 1865 995 15

142 1017 255 1065 visis
282 1030 404 1078 quae
429 1022 616 1078 tempus
647 1014 873 1062 monebat
899 1014 1038 1062 simul
1064 1015 1342 1063 excessisse
1369 1014 1637 1078 Augustum
1664 1022 1711 1062 et
1731 1030 1806 1062 re-

140 1101 239 1134 rum
267 1085 408 1149 potiri
434 1083 678 1132 Neronem
705 1083 828 1131 fama
857 1085 1023 1131 eadem
1050 1083 1170 1132 tulit.

185 1150 190 1155 ’
245 1156 292 1204 6.
326 1150 527 1202 Primum
555 1154 738 1202 facinus
759 1154 871 1201 novi
896 1154 1190 1216 principatus
1217 1152 1303 1200 fuit
1323 1153 1535 1202 Postumi
1555 1155 1806 1218 Agrippae

142 1225 348 1284 caedeS,
389 1238 528 1287 quem
556 1224 769 1286 ignarum
796 1224 1123 1285 inermumque
1153 1224 1367 1286 quamvis
1408 1224 1618 1273 firmatus
1652 1226 1805 1274 animo

142 1294 357 1343 centurio
386 1308 534 1354 aegre
564 1293 788 1340 confecit.
839 1292 954 1340 nihil
982 1292 1040 1340 de
1073 1307 1129 1340 ea
1166 1308 1221 1340 re
1243 1292 1466 1341 Tiberius
1506 1294 1631 1358 apud
1667 1309 1806 1342 sena-

140 1372 235 1413 tum
268 1363 518 1412 disseruit:
546 1364 695 1426 patris
729 1363 858 1410 iussa
885 1361 1163 1423 simulabat,
1197 1363 1368 1426 quibus
1406 1365 1811 1428 praescripsisset

139 1433 330 1482 tribuno
358 1431 605 1480 custodiae
633 1432 885 1496 adposito,
923 1447 983 1479 ne
1015 1437 1318 1479 cunctaretur
1351 1432 1616 1496 Agrippam
1654 1441 1809 1482 morte
1831 1453 1850 1484 5

143 1502 372 1562 adi-icere,
407 1501 693 1566 quandoque
723 1503 828 1565 ipse
856 1517 1128 1565 supremum
1155 1502 1278 1549 diem
1309 1502 1627 1565 explevisset.
1666 1503 1812 1551 multa

143 1574 244 1622 sine
271 1572 414 1621 dubio
442 1586 686 1635 saevaque
710 1572 955 1634 Augustus
983 1571 1043 1619 de
1073 1570 1285 1618 moribus
1330 1571 1656 1621 adulescentis
1695 1587 1810 1636 que-

142 1650 260 1703 stuS,
288 1649 338 1690 ut
366 1641 557 1690 exilium
585 1642 687 1689 eius
714 1649 905 1690 senatus
945 1641 1165 1689 consulto
1199 1642 1466 1689 sanciretur
1502 1642 1808 1705 perfecerat:

144 1720 356 1761 ceterum
379 1713 427 1759 in
446 1711 619 1759 nullius
639 1726 858 1775 umquam
879 1725 1073 1759 suorum
1091 1724 1262 1758 necem
1282 1710 1484 1772 duravit,
1503 1727 1662 1776 neque
1683 1726 1807 1760 mor-

140 1790 236 1831 tem
263 1782 426 1846 nepoti
448 1795 535 1844 pro
564 1783 821 1830 securitate
843 1782 1047 1845 privigni
1067 1780 1261 1829 inlatam
1283 1780 1517 1829 credibile
1545 1789 1663 1830 erat.
1697 1796 1808 1845 pro·
1827 1805 1868 1837 10

144 1854 250 1916 pius
276 1865 394 1899 vero
423 1850 664 1899 Tiberium
695 1866 753 1899 ac
771 1850 968 1913 Liviam,
996 1851 1127 1899 illum
1148 1857 1293 1911 metu,
1323 1850 1446 1899 hanc
1467 1851 1812 1900 novercalibus

83 1942 86 1943 ⁷
146 1922 285 1983 odiis,
314 1922 526 1984 suspecti
554 1928 601 1968 et
622 1922 759 1968 invisi
780 1921 965 1968 iuvenis
987 1920 1186 1968 caedem
1210 1920 1535 1969 festinavisse.
1583 1921 1812 1969 nuntianti

146 1992 430 2051 centurioni,
463 1997 512 2038 ut
538 2003 641 2037 mos
667 1990 882 2050 militiae,
914 1990 1091 2037 factum
1112 2003 1224 2037 esse
1245 1990 1372 2053 quod
1395 1991 1699 2054 imperasset,
1729 2005 1811 2037 ne-

147 2073 238 2125 que
266 2062 532 2123 imperasse
562 2075 673 2107 sese
703 2067 751 2107 et
784 2061 1017 2107 rationem
1044 2060 1158 2107 facti
1187 2059 1479 2106 reddendam
1508 2060 1635 2122 apud
1673 2074 1811 2108 sena-

145 2138 239 2179 tum
266 2129 529 2192 respondit.
588 2129 715 2192 quod
750 2137 1002 2193 postquam
1039 2128 1293 2177 Sallustius
1324 2126 1523 2191 Crispus
1564 2130 1871 2192 particepS1⁵

146 2207 442 2249 secretorum
472 2199 536 2262 (is
570 2200 628 2247 ad
653 2197 888 2246 tribunum
907 2200 1102 2246 miserat
1127 2197 1408 2262 codicillos)
1431 2199 1682 2262 comperit,
1713 2213 1812 2246 me-

77 2288 80 2292 ·
144 2277 282 2318 tuens
307 2285 365 2316 ne
394 2284 504 2316 reus
529 2269 829 2329 subderetur,
860 2269 988 2317 iuxta
1015 2267 1293 2331 periculoso
1322 2267 1431 2315 ficta
1455 2282 1542 2315 seu
1563 2281 1679 2315 vera
1700 2281 1812 2331 pro-

144 2347 313 2400 meret,
335 2340 512 2386 monuit
536 2338 710 2387 Liviam
733 2353 792 2386 ne
814 2353 986 2386 arcana
1013 2338 1198 2396 domus,
1228 2351 1289 2384 ne
1312 2336 1511 2385 consilia
1533 2338 1811 2398 amicorum,

146 2410 405 2456 ministeria
431 2408 625 2456 militum
663 2408 1000 2470 vulgarentur,
1038 2422 1163 2455 neve
1189 2406 1409 2455 Tiberius
1443 2407 1537 2454 vim
1573 2407 1812 2470 principa-

146 2486 220 2526 tus
245 2477 518 2525 resolveret
546 2485 715 2526 cuncta
743 2478 799 2526 ad
826 2485 1041 2525 senatum
1067 2477 1308 2525 vocando:
1342 2491 1446 2524 eam
1483 2476 1814 2524 condicionem
1829 2488 1872 2520 20
1926 2482 1952 2516 ‘⁷2—

149 2562 259 2595 esse
285 2546 568 2610 imperandi,
597 2554 646 2595 ut
674 2561 768 2594 non
793 2547 934 2595 aliter
963 2548 1083 2595 ratio
1116 2554 1307 2594 constet
1342 2560 1480 2609 quam
1512 2546 1552 2592 si
1587 2544 1667 2592 uni
1701 2544 1815 2592 red-

147 2616 297 2666 datur.

253 2688 299 2735 7.
340 2688 403 2736 At
427 2687 610 2735 Romae
635 2701 779 2733 ruere
805 2687 850 2732 in
878 2687 1118 2733 servitium
1153 2684 1396 2743 consuleS,
1427 2691 1609 2747 patreS,
1641 2697 1812 2746 eques.

151 2763 326 2818 quanto
356 2758 460 2820 quis
488 2755 749 2815 inlustrior,
778 2761 909 2802 tanto
937 2755 1088 2816 magis
1114 2753 1222 2801 falsi
1244 2768 1301 2800 ac
1329 2754 1629 2812 festinantes,
1658 2751 1813 2799 vultu·

151 2838 244 2886 que
277 2827 576 2888 composito,
613 2839 674 2872 ne
703 2823 816 2871 laeti
845 2838 1049 2871 excessu
1074 2824 1303 2886 principis
1331 2837 1422 2869 neu
1462 2823 1701 2870 tristiores
1721 2822 1816 2884 pri-

114 2901 118 2906 ’
149 2894 362 2956 mordio,
399 2895 621 2944 lacrimas
657 2893 906 2955 gaudium,
951 2900 1146 2955 questus
1182 2888 1501 2939 adulationem
1534 2890 1814 2938 miscebant.

151 2962 266 3009 Se-x.
303 2963 559 3028 Pompeius
600 2970 649 3011 et
681 2963 796 3010 Sex.
838 2961 1107 3026 Appuleius
1149 2961 1376 3008 consules
1418 2960 1556 3024 primi
1583 2961 1629 3007 in
1667 2957 1862 3009 verbas
