1976 3224
152 208 219 259 86
590 217 868 256 CORNELII
889 217 1084 256 TACITI
1107 217 1416 256 ANNALIUM

148 347 245 396 tiae
273 361 410 394 meae
437 360 671 410 nusquam
696 345 835 394 locus
861 353 954 407 est,
989 344 1110 394 deos
1137 345 1416 394 inmortales
1455 353 1611 396 testor
1647 347 1828 396 vixisse

147 432 251 478 me,
283 415 494 477 Caesar,
535 430 641 463 cum
678 415 772 463 fide
809 415 1066 464 adversum
1102 422 1179 478 te,
1222 429 1382 479 neque
1417 415 1511 465 alia
1548 416 1596 464 in
1628 423 1829 465 matrem

147 494 273 535 tuam
301 486 506 550 pietate;
535 500 724 549 vosque
751 499 839 533 oro
866 484 1034 534 liberis
1061 485 1181 533 meis
1220 485 1516 548 consulatiS,
1553 500 1616 534 ex
1658 485 1829 550 quibus

148 554 235 604 Cn.
268 556 380 604 Piso
410 555 749 619 qualicumque
776 554 999 604 fortunae
1025 570 1163 603 meae
1188 569 1284 603 non
1310 563 1386 604 est
1412 555 1695 618 adiunctus,
1722 571 1826 606 cum

85 638 130 671 20
148 641 288 675 omne
324 626 420 675 hoc
454 633 642 690 tempus
674 627 721 672 in
758 624 877 673 urbe
910 626 1092 688 egerit,
1136 623 1199 672 M.
1228 624 1340 674 Piso
1374 633 1603 691 repetere
1646 621 1832 675 Suriam

147 696 432 744 dehortatus
473 702 562 743 est.
619 701 766 759 atque
800 695 977 743 utinam
1014 709 1109 758 ego
1151 695 1313 758 potius
1349 695 1448 744 filio
1489 695 1650 745 iuveni
1691 710 1832 760 quam

144 766 229 814 ille
259 766 384 829 patri
417 766 521 813 seni
550 767 802 814 cessisset.
855 779 915 813 eo
942 765 1192 830 inpensius
1228 779 1409 830 precor
1447 781 1508 813 ne
1546 780 1684 814 meae
1723 780 1830 831 pra·

144 837 306 885 vitatis
335 849 521 899 poenas
547 835 769 883 innoxius
797 834 912 884 luat.
966 850 1055 898 per
1077 835 1289 899 quinque
1322 843 1370 884 et
1396 835 1710 900 quadraginta
1749 850 1830 883 an·

142 920 313 954 norum
351 905 666 969 obsequium,
719 920 808 970 per
853 904 1113 968 collegium
1145 904 1423 954 consulatus
1451 905 1690 969 quondam
1719 905 1830 954 divo

85 988 126 1021 25
143 975 580 1041 Augu-stogparenti
620 983 702 1023 tuo
743 974 977 1040 probatus
1021 983 1069 1023 et
1103 973 1188 1023 tibi
1225 975 1405 1024 amicus
1449 991 1541 1024 nec
1577 976 1831 1039 quicquam

142 1053 254 1110 post
279 1046 405 1094 haec
431 1052 690 1108 rogaturus
721 1045 924 1095 salutem
951 1044 1160 1093 infelicis
1195 1044 1280 1093 filii
1317 1038 1471 1108 rogo?
1513 1045 1831 1094 de‘Plancina

142 1115 257 1164 nihil
285 1115 482 1165 addidit.

250 1187 329 1234 17.
363 1185 482 1234 Post
510 1200 634 1248 quae
667 1183 891 1234 Tiberius
919 1185 1285 1234 adulescentem
1311 1186 1509 1235 crimine
1535 1184 1692 1234 civilis
1712 1183 1831 1234 belli

141 1257 392 1320 purgavit,
421 1255 570 1318 patris
593 1256 776 1320 quippe
805 1256 935 1305 iussa
962 1271 1055 1304 nec
1091 1258 1310 1320 potuisse
1348 1255 1496 1305 filium
1535 1255 1829 1316 detrectare,

143 1325 282 1374 simul
318 1325 622 1374 nobilitatem
658 1325 859 1389 domuS,
904 1327 1046 1375 etiam
1080 1327 1233 1391 ipsius
1267 1340 1465 1391 quoquo
1503 1325 1830 1376 modo-meriti

139 1411 340 1459 gravem
368 1409 531 1444 casum
556 1396 828 1445 miseratus.
886 1410 976 1461 pro
1017 1396 1246 1446 Plancina
1286 1411 1393 1445 cum
1428 1396 1617 1461 pudore
1657 1402 1707 1444 et
1744 1393 1826 1443 fla-

101 1486 121 1516 5
143 1468 262 1529 gitio
290 1466 536 1528 disseruit,
557 1466 720 1514 matris
742 1481 921 1530 preces
945 1466 1236 1530 obtendens,
1257 1467 1304 1515 in
1323 1482 1461 1530 quam
1484 1466 1650 1530 optimi
1669 1465 1825 1514 cuius-

142 1552 234 1600 que
267 1537 448 1584 secreti
481 1544 680 1599 questus
717 1538 870 1601 magis
907 1536 1247 1587 ardescebant.
1308 1536 1355 1586 id
1395 1551 1516 1599 ergo
1557 1535 1630 1585 fas
1669 1534 1825 1595 aviae,

137 1606 519 1655 interfectricem
551 1607 745 1671 nepotis
780 1607 1067 1672 adspicere,
1115 1607 1338 1671 adloqui,
1384 1608 1577 1670 eripere
1623 1604 1826 1654 senatui.

139 1675 270 1741 quod
294 1690 384 1739 pro
414 1676 633 1726 omnibus
663 1678 846 1726 civibus
867 1679 1008 1741 leges
1030 1677 1294 1740 obtineant,
1322 1677 1401 1724 uni
1423 1674 1708 1725 Germanico
1731 1687 1826 1723 non

138 1746 424 1809 contigisse.
474 1745 661 1795 Vitellii
690 1753 739 1795 et
762 1747 962 1796 Veranii
1000 1761 1125 1795 voce
1165 1746 1395 1795 defletum
1434 1744 1726 1806 Caesarem,
1765 1742 1824 1792 ab

80 1829 122 1862 10
138 1817 434 1880 imperatore
460 1823 508 1864 et
535 1815 755 1880 Augusta
783 1817 1033 1866 defensam
1056 1816 1350 1866 Plancinam.
1402 1814 1607 1880 proinde
1636 1828 1825 1863 venena

138 1894 187 1935 et
217 1893 348 1934 artes
374 1893 469 1935 tam
500 1885 714 1935 feliciter
739 1895 969 1952 expertas
985 1894 1215 1936 ‘verteret
1240 1887 1288 1934 in
1316 1885 1662 1950 Agrippinam,
1701 1883 1750 1931 in
1771 1883 1825 1932 li·

136 1956 285 2005 beros
313 1956 445 2017 eius,
476 1957 823 2022 egregiamque
852 1959 1005 2007 aviam
1032 1972 1090 2005 ac
1128 1964 1348 2021 patruum
1385 1956 1619 2019 sanguine
1658 1954 1825 2004 miser·

134 2027 285 2075 rimae
311 2025 480 2076 domus
518 2027 796 2076 exsatiaret.
861 2028 1053 2077 biduum
1091 2042 1241 2091 super
1280 2026 1373 2075 hac
1411 2026 1618 2088 imagine
1659 2023 1826 2087 cogni·

135 2096 279 2145 tionis
306 2095 634 2160 absumptum,
660 2106 898 2160 urguente
938 2096 1136 2146 Tiberio
1175 2096 1375 2159 liberos,
1398 2095 1589 2144 Pisonis
1623 2100 1824 2142 matrem

79 2182 120 2214 15
138 2167 204 2214 uti
228 2173 495 2215 tuerentur.
549 2175 597 2215 et
625 2182 730 2215 cum
758 2175 1073 2216 accusatores
1098 2182 1156 2216 ac
1181 2174 1336 2215 testes
1366 2165 1584 2214 certatim
1622 2177 1823 2228 perora-

135 2243 244 2283 rent
280 2236 613 2299 respondente
653 2237 814 2299 nu110,
853 2237 1100 2286 miseratio
1140 2250 1282 2299 quam
1318 2235 1495 2284 invidia
1533 2232 1819 2296 augebatur.

135 2306 316 2369 primus
343 2307 627 2354 sententiam
654 2314 855 2368 rogatus
882 2306 1112 2355 Aurelius
1143 2304 1285 2354 Cotta
1312 2304 1481 2354 consul
1523 2305 1655 2367 (nam
1694 2301 1822 2350 refe-

134 2382 273 2423 rente
302 2372 517 2424 Caesare
542 2376 851 2438 magistratus
878 2390 938 2426 eo
966 2375 1109 2424 etiam
1134 2390 1334 2423 munere
1356 2372 1708 2436 fungebantur)
1737 2384 1821 2419 no-

134 2460 246 2493 men
274 2445 462 2494 Pisonis
487 2445 749 2494 radendum
775 2446 912 2494 fastis
941 2446 1146 2506 censuit,
1175 2451 1364 2508 partem
1394 2443 1637 2492 bonorum
1667 2439 1821 2504 publi-

77 2530 119 2563 20
139 2515 355 2577 eandam,
384 2531 498 2579 pars
530 2522 580 2563 ut
615 2512 701 2562 Cn.
733 2515 896 2578 Pisoni
923 2515 1021 2563 filio
1045 2514 1400 2563 concederetur
1436 2514 1576 2577 isque
1614 2524 1819 2575 praeno·

136 2599 247 2633 men
272 2592 504 2640 mutaret:
533 2583 595 2634 Μ’.
622 2585 739 2634 Piso
759 2594 902 2634 exuta
918 2585 1148 2648 dignitate
1171 2592 1219 2634 et
1238 2591 1446 2648 accepto
1470 2582 1821 2646 quinquagiens

137 2656 366 2703 sestertio
391 2656 437 2703 in
463 2656 634 2704 decem
665 2670 814 2704 annos
841 2655 1175 2718 relegaretur,
1206 2668 1445 2704 concessa
1469 2651 1724 2701 Plancinae
1752 2650 1819 2697 in·

140 2723 417 2773 columitate
445 2725 507 2774 ob
540 2740 719 2789 preces
751 2725 1020 2788 Augustae.

248 2794 330 2842 18.
365 2793 514 2844 Multa
546 2810 607 2843 ex
643 2809 700 2843 ea
743 2796 980 2843 sententia
1013 2795 1228 2857 mitigata
1266 2799 1373 2842 sunt
1411 2806 1437 2839 a
1475 2790 1720 2854 principe:
1759 2803 1820 2836 ne

137 2877 312 2910 nomen
338 2862 528 2912 Pisonis
556 2865 701 2913 fastis·
721 2866 1033 2923 eximeretur,
1062 2863 1253 2927 quando
1279 2861 1343 2910 M.
1371 2860 1579 2922 Antonii,
1611 2860 1689 2922 qui
1718 2858 1820 2906 bel·

139 2932 234 2980 lum
262 2932 448 2996 patriae
475 2934 695 2995 fecisset,
724 2933 813 2982 Iuli
844 2934 1056 2995 Antonii,
1086 2933 1166 2996 qui
1192 2931 1382 2980 domum
1411 2928 1615 2992 Augusti
1642 2927 1806 2976 violas·
