2008 3230
693 220 868 258 LIBER
893 221 930 257 Ι.
961 219 1087 258 ΟΑΡ.
1109 218 1308 262 28--32-
1779 210 1844 258 17

171 345 400 394 imbribus
433 347 669 395 continuis
706 347 926 411 adeoque
966 349 1125 396 saevis
1138 386 1152 412 ,
1195 356 1243 396 ut
1280 362 1376 396 non
1413 347 1581 411 egredi
1620 347 1883 412 tentoria,⁵

171 417 463 479 congregari
488 417 724 479 inter-se,
759 418 841 465 vix
877 418 1018 466 tutari
1056 418 1193 480 signa
1235 425 1463 481 possent,
1505 431 1630 481 quae
1659 414 1848 465 turbine

171 493 316 549 atque
343 485 468 535 unda
507 486 833 550 raptabantur.
896 486 1097 535 durabat
1133 495 1180 535 et
1217 487 1422 536 formido
1459 486 1685 535 caelestis
1726 487 1846 548 irae,

171 570 265 603 nec
290 555 466 604 frustra
494 556 727 604 adversus
753 557 926 620 impios
952 556 1224 605 hebescere
1255 557 1445 618 sidera,
1484 571 1626 605 ruere
1663 563 1847 620 tempe-

172 632 349 674 states:
394 625 654 674 non·aliud
693 626 923 675 malorum
957 625 1279 675 levamentum
1315 641 1456 691 quam
1490 627 1531 674 si
1578 626 1851 689 linquerent

175 702 333 747 castra
371 694 576 743 infausta
612 702 944 759 temerataque
980 704 1029 744 et
1072 696 1217 744 soluti
1260 695 1452 760 piaculo
1498 696 1597 744 suis
1645 696 1848 760 quisque
1865 712 1906 745 10

172 763 386 812 hibernis
422 764 758 813 redderentur.
823 765 1026 828 primum
1061 773 1261 827 octava,
1311 765 1423 814 dein
1455 766 1619 830 quinta
1650 765 1851 813 decuma

173 833 303 896 legio
323 833 544 883 rediere:
577 848 792 883 nonanus
821 835 1147 898 opperiendas
1170 834 1350 883 Tiberii
1375 835 1608 898 epistulas
1639 835 1848 884 clamita-

171 910 326 964 verat,
355 917 469 951 mox
494 903 742 952 desolatus
771 903 972 952 aliorum
998 904 1302 952 discessione
1337 906 1641 953 inminentem
1678 919 1848 953 neces-

173 973 364 1021 sitatem
388 981 561 1037 sponte
587 973 854 1037 praevenit.
911 980 958 1022 et
981 972 1168 1022 Drusus
1204 988 1300 1022 non
1337 981 1625 1038 exspectato
1662 974 1848 1036 legato-

173 1057 275 1091 rum
306 1057 564 1106 regressu,
607 1044 717 1108 quia
752 1044 1027 1107 praesentia
1067 1044 1181 1092 satis
1220 1044 1557 1109 considerant,
1597 1044 1644 1091 in
1680 1043 1849 1091 urbem
1868 1062 1906 1095 15

173 1112 332 1161 rediit.
717 1144 720 1146 -

240 1180 252 1192 ¹
280 1181 364 1232 31.
405 1181 564 1231 Isdem
590 1182 744 1231 ferme
774 1183 947 1232 diebus
975 1182 1130 1231 isdem
1158 1183 1316 1231 causis
1349 1181 1665 1232 Germanicae
1693 1183 1849 1246 legio-

174 1266 262 1300 nes
289 1251 527 1313 turbatae,
558 1260 734 1315 quanto
762 1253 956 1316 plureS,
993 1259 1124 1301 tanto
1165 1252 1452 1314 violentiuS‚
1491 1260 1538 1300 et
1562 1267 1733 1315 magna
1762 1267 1851 1317 spe

176 1321 283 1369 fore
317 1327 364 1368 ut
402 1319 711 1369 Germanicus
748 1319 932 1371 Caesar
971 1322 1221 1385 imperium
1257 1321 1456 1370 alterius
1494 1323 1594 1386 pati
1631 1323 1853 1386 nequiret

176 1390 409 1454 daretque
448 1404 503 1438 se
544 1390 816 1454 legionibus
854 1393 901 1439 vi
940 1406 1022 1439 sua
1062 1398 1233 1439 cuncta
1275 1391 1516 1439 tracturis.
1588 1392 1682 1440 duo
1726 1391 1853 1454 apud

176 1461 329 1524 ripam
363 1458 519 1508 Rheni
555 1461 801 1509 exercitus
839 1468 999 1509 erant:
1037 1460 1112 1508 cui
1148 1474 1324 1508 nomen
1360 1461 1632 1524 superiori,
1671 1459 1759 1508 sub
1793 1458 1848 1507 C.
1874 1473 1891 1504 ὀ

178 1529 299 1579 Silio
327 1529 491 1592 legato
510 1566 524 1591 ‚
551 1529 830 1579 inferiorem
858 1530 917 1578 A.
953 1529 1163 1578 Caecina
1200 1529 1412 1578 curabat.
1475 1531 1693 1592 regimen
1728 1544 1851 1577 sum-

177 1614 284 1648 mae
312 1599 385 1647 rei
411 1613 564 1663 penes
593 1598 945 1662 Germanicum,
975 1599 1165 1662 agendo
1195 1598 1454 1649 Galliarum
1481 1601 1647 1648 censui
1671 1606 1768 1647 tum
1785 1599 1851 1647 in-

179 1675 374 1718 tentum.
433 1669 523 1718 sed
551 1669 725 1733 quibus
752 1669 899 1718 Silius
927 1668 1291 1730 moderabatur,
1320 1675 1480 1716 mente
1508 1669 1730 1731 ambigua
1755 1668 1852 1717 for·

181 1746 338 1787 tunam
374 1738 626 1787 seditionis
663 1739 852 1788 alienae
888 1738 1288 1803 speculabantur:
1327 1737 1570 1786 inferioris
1608 1739 1852 1786 exercitus

178 1808 316 1856 miles
340 1809 386 1855 in
409 1807 592 1857 rabiem
620 1809 880 1872 prolapsus
910 1816 1003 1870 est,
1034 1815 1141 1856 orto
1164 1806 1222 1856 ab
1245 1808 1698 1856 unetvicensimanis
1720 1809 1852 1871 quin·
1872 1812 1911 1844 10

179 1879 398 1941 tanisque
425 1878 587 1938 initio,
626 1885 673 1925 et
700 1879 866 1926 tractis
893 1879 1045 1941 prima
1082 1891 1277 1941 quoque
1314 1891 1371 1926 ac
1405 1877 1852 1939 vicensima-legio-

180 1946 348 1995 nibus:
381 1961 488 1995 nam
511 1947 664 1995 isdem
691 1948 889 1995 aestivis
912 1948 957 1995 in
987 1946 1157 1994 finibus
1177 1946 1411 1995 Ubiorum
1438 1946 1740 1996 habebantur
1767 1961 1854 2011 per

182 2017 328 2065 otium
360 2023 439 2064 aut
464 2016 591 2064 levia
616 2017 787 2064 munia.
848 2017 992 2078 igitur
1027 2015 1186 2064 audito
1224 2016 1318 2064 fine
1363 2015 1562 2078 Augusti
1594 2016 1855 2065 vernacula

181 2085 433 2134 multitudo
460 2100 615 2149 nuper
644 2093 753 2134 acto
775 2086 822 2133 in
848 2084 969 2133 urbe
996 2084 1204 2147 dilectu,
1247 2085 1477 2133 lasciviae
1515 2092 1677 2150 sueta,
1720 2084 1864 2133 labo-

181 2171 283 2205 rum
318 2155 609 2216 intoleranS,
657 2155 863 2218 implere
903 2162 1173 2203 ceterorum
1222 2154 1366 2202 rudes
1409 2155 1618 2202 animos:
1661 2155 1914 2203 venissess

181 2234 371 2289 tempus
406 2240 501 2289 quo
539 2225 757 2273 veterani
792 2232 1021 2273 maturam
1065 2224 1365 2284 missionem,
1406 2224 1606 2272 iuvenes
1647 2223 1858 2287 largiora

182 2294 439 2359 stipendia,
463 2295 620 2343 cuncti
640 2293 831 2342 modum
850 2293 1149 2343 miseriarum
1166 2300 1493 2357 exposcerent
1510 2294 1858 2358 saevitiamque

186 2365 513 2414 centurionum
553 2363 920 2421 ulciscerentur.
970 2362 1075 2412 vnon
1119 2377 1238 2411 unus
1278 2362 1428 2425 haec,
1476 2370 1527 2411 ut
1563 2363 1858 2412 Pannonicas

184 2435 308 2482 inter
339 2433 561 2496 legiones
588 2432 909 2495 PercenniuS‚
946 2447 1039 2481 nec
1066 2431 1190 2496 apud
1227 2431 1440 2495 trepidas
1475 2433 1671 2481 militum
1698 2447 1857 2493 aureS‚

187 2503 310 2552 ali-os
345 2502 608 2551 validiores
637 2502 882 2550 exercitus
908 2502 1286 2566 respicientium,
1317 2501 1403 2549 sed
1422 2501 1568 2550 multa
1606 2502 1858 2550 seditionis
1876 2517 1915 2549 20

187 2587 273 2622 ora
297 2586 575 2635 vocesque:
603 2585 687 2619 sua
715 2572 760 2618 in
789 2585 927 2620 manu
953 2573 1092 2620 sitam
1120 2585 1222 2619 rem
1255 2569 1543 2633 Romanam,
1582 2572 1679 2619 suis
1706 2571 1857 2619 victo·

185 2642 269 2690 riis
302 2642 470 2703 augeri
494 2654 597 2688 rem
622 2639 881 2704 publicam,
908 2642 954 2688 in
982 2655 1114 2688 suum
1145 2647 1514 2701 cognomentum
1542 2639 1749 2688 adscisci
1774 2640 1854 2687 im·
1915 2614 1943 2693 ξ

191 2718 465 2775 peratoreS.

214 2792 217 2794 ’
295 2779 378 2829 32.
415 2778 520 2827 Nec
546 2779 734 2842 legatus
763 2778 951 2826 obviam
977 2778 1100 2826 ibat:
1147 2779 1326 2842 quippe
1371 2778 1574 2842 plurium
1599 2777 1861 2826 vaecordia

191 2850 505 2898 constantiam
531 2856 795 2897 exemerat.
847 2854 1052 2911 repente
1085 2846 1315 2911 lymphati
1343 2847 1587 2897 destrictis
1612 2846 1788 2909 gladiis
1816 2847 1862 2894 in

190 2918 497 2967 centuriones
528 2918 775 2967 invadunt:
815 2931 872 2965 ea
907 2917 1231 2965 vetustissima
1255 2917 1536 2966 militaribus
1563 2916 1687 2965 odiis
1713 2923 1862 2965 mate-

258 3003 401 3034 ·rAcm
421 3003 536 3035 PARS
558 3005 586 3033 1.
1576 2985 1605 3032 2
