1976 3224
1108 76 1128 99 ἡ

204 205 304 257 196
534 261 538 264 Δ
645 212 918 252 CORNELII
938 211 1133 250 TAcrm
1154 210 1462 249 ANNALIUM

305 343 389 393 38.
430 343 564 393 Tunc
601 345 801 408 primum
836 341 1074 389 fortunam
1109 354 1240 388 suam
1278 341 1567 404 introspexit
1603 340 1878 406 ferrumque

201 415 419 478 accepit,
455 414 586 478 quod
629 413 806 461 frustra
838 411 1004 474 iugulo
1041 417 1119 459 aut
1153 409 1344 474 pectori
1381 424 1470 474 per
1508 409 1879 475 trepidationem

203 483 465 533 admovens
504 484 603 532 ictu
644 482 817 531 tribuni
852 481 1147 544 transigitur.
1195 494 1374 544 corpus
1409 481 1549 529 matri
1575 494 1877 530 concessum.

201 555 560 618 nuntiatumque
601 551 804 603 Claudio
843 552 1055 616 epulanti
1092 552 1285 615 perisse
1317 550 1651 613 Messalinam,
1689 566 1786 601 non
1811 551 1878 600 di·

165 625 378 675 sstincto
405 638 488 672 sua
516 639 575 673 an
601 623 758 673 aliena
783 637 939 670 manu.
994 637 1087 670 nec
1125 619 1209 670 ille
1250 621 1515 685 quaesivit,
1554 623 1880 688 poposcitque

202 693 431 759 poculum
469 701 519 742 et
555 693 699 742 solita
737 693 961 742 convivio
1004 689 1300 740 celebravit-
1352 706 1414 739 ne
1459 694 1640 741 secutis
1687 692 1880 757 quidem

201 763 370 813 diebus
407 762 503 812 odii
540 763 726 827 gaudii,
763 763 865 812 irae
891 762 1143 823 tristitiae,
1165 760 1323 809 ullius
1349 760 1558 826 denique
1584 762 1774 812 humani
1797 763 1879 812 ad-

198 834 358 883 fectus
385 835 524 897 signa
552 833 707 897 dedit,
744 847 840 882 non
867 848 972 881 cum
1014 831 1251 880 laetantes
1278 839 1591 881 accusatores
1619 833 1879 896 aspiceret,

198 919 296 953 non
334 919 439 953 cum
467 903 595 953 filios
636 909 926 952 maerentes.
976 903 1189 965 iuvitque
1227 899 1522 949 oblivionem
1548 903 1651 951 eius
1684 910 1880 952 senatus

142 987 183 1022 10
204 974 447 1023 censendo
485 987 659 1022 nomen
697 981 746 1022 et
782 973 976 1036 effigies
1016 971 1215 1035 privatis
1250 986 1308 1020 ac
1334 970 1544 1034 publicis
1569 971 1693 1021 locis
1715 972 1878 1022 demo-

200 1040 400 1093 vendas'.
455 1043 651 1092 decreta
677 1043 911 1092 Narcisso
941 1042 1217 1106 quaestoria
1241 1041 1465 1104 insignia,
1491 1041 1787 1092 levissimum
1808 1043 1878 1092 fa·

202 1113 328 1162 stidii
361 1115 487 1175 eiuS,
528 1128 633 1162 cum
673 1128 818 1178 supra
842 1112 1107 1161 Pallantem
1144 1118 1192 1159 et
1221 1109 1699 1175 Callistum‘ageret,
1736 1119 1766 1169 -ι-
1791 1112 1879 1162 ho-

199 1191 338 1233 nesta
350 1183 557 1248 quidem,
578 1182 666 1231 sed
685 1199 748 1232 ex
768 1184 873 1248 quis
889 1181 1145 1230 deterrima
1161 1187 1415 1230 orerentur
1434 1181 1659 1246 [tristitiis
1678 1182 1876 1247 multisl.

540 1612 1099 1681 CORNELII
1154 1611 1542 1678 TACITI

636 1762 713 1813 AB
751 1758 1005 1813 Excsssu
1036 1760 1156 1811 Divi
1192 1757 1443 1812 AUGUSTI

438 1884 1630 1966 ANNALIUM

790 2038 1060 2092 LIBER
1118 2038 1270 2090 XII.

195 2353 552 2395 BREVIARIUM.
603 2353 702 2406 cap.
728 2354 765 2394 1.
790 2354 829 2394 2.
874 2353 1072 2394 Claudius
1094 2355 1146 2395 de
1167 2354 1431 2394 matrimonio
1467 2366 1561 2394 cum
1590 2354 1751 2395 libertis
1773 2354 1878 2396 deli-

252 2411 383 2451 berat.
429 2409 469 2450 3.
504 2409 764 2463 Agrippina,
796 2409 1031 2451 Germanici
1065 2410 1208 2451 fratris
1241 2411 1333 2451 eius
1358 2410 1466 2460 fllia,
1503 2411 1597 2451 aliis
1618 2411 1808 2465 praelata
1827 2410 1875 2452 L.

255 2466 410 2518 Silano,
434 2467 503 2506 eui
524 2466 738 2520 desponsa
758 2466 950 2516 Octavia,
978 2468 1157 2508 insidias
1179 2468 1323 2515 struit,
1351 2469 1394 2508 4.
1420 2468 1667 2509 administro
1692 2468 1874 2517 Vitellio,

253 2524 399 2566 5—-7,
452 2524 573 2564 cuius
602 2523 760 2565 artibus
794 2524 955 2565 inducti
983 2530 1155 2565 senatus
1186 2525 1455 2579 populusque
1489 2525 1657 2579 nuptias
1676 2525 1871 2580 probant.

253 2582 295 2623 8.
336 2581 504 2622 Silanus
532 2586 710 2621 mortem
739 2582 820 2622 sibi
851 2581 1086 2622 consciscit.
1130 2580 1290 2622 Seneca
1319 2583 1369 2623 ab
1403 2583 1528 2624 exilio
1556 2583 1691 2623 redux
1724 2582 1874 2623 studiis

253 2638 435 2679 Neronis
452 2643 634 2691 praeest,
658 2637 700 2680 9.
725 2640 792 2679 cui
816 2638 1104 2693 despondetur
1121 2636 1302 2680 Octavia.
1330 2639 1396 2681 10.
1419 2639 1563 2680 Parthi
1578 2651 1723 2694 regem
1740 2639 1875 2680 Roma

254 2701 402 2748 petunt
424 2694 724 2746 Meherdatem,
751 2696 818 2737 11.
844 2709 968 2749 quem
988 2697 1163 2737 missum
1192 2710 1216 2737 a
1237 2696 1411 2738 Claudio
1436 2697 1607 2738 Cassius
1629 2698 1672 2737 in
1692 2709 1874 2751 regnum

255 2753 409 2792 ducere
446 2758 633 2792 conatur.
671 2753 738 2794 12.
764 2753 831 2794 13.
868 2753 1012 2794 Obstat
1040 2753 1159 2794 fraus
1181 2754 1335 2796 Acbari
1365 2761 1404 2794 et
1433 2753 1574 2795 Izatis.
1628 2754 1697 2794 14.
1725 2754 1890 2795 Victus-

254 2808 519 2849 Meherdates
559 2808 728 2850 Gotarzi
770 2811 963 2853 traditur.
1017 2810 1104 2851 Hoc
1141 2818 1304 2852 mortuo
1346 2823 1524 2864 regnum
1562 2811 1606 2850 in
1635 2810 1871 2862 Vononem,

255 2864 354 2903 dein
378 2866 633 2919 Vologesem
658 2867 923 2909 transfertur.
967 2868 1035 2911 15.
1070 2867 1320 2916 Mithridati,
1355 2879 1534 2921 regnum
1559 2867 1683 2908 Ponti
1709 2869 1871 2923 recipe·

254 2932 349 2961 rare
378 2924 494 2971 niso,
538 2923 716 2964 Romani
747 2925 947 2965 resistunt
981 2931 1019 2965 et
1053 2924 1177 2977 Cotys
1213 2931 1251 2965 et
1275 2925 1486 2965 Eunones.
1534 2924 1599 2966 16.
1628 2925 1741 2979 Uspe
1766 2926 1868 2967 urbe
