1976 3224
217 183 321 234 320
717 192 991 231 commun
1017 194 1214 232 TAcrrr
1239 195 1543 234 ANNALIUM

320 323 403 372 10.
443 319 580 370 Haud
613 320 764 369 minus
802 329 1023 387 prompte
1057 321 1109 370 L.
1145 322 1298 371 Vetus
1335 337 1603 388 socrusque
1639 323 1741 372 eius
1766 323 1886 372 Sex-

219 392 284 440 tia
321 398 367 439 et
401 389 594 439 Pollitta
635 389 727 439 filia
763 406 933 439 necem
968 390 1191 455 subiere,
1231 392 1371 441 invisi
1411 393 1616 457 principi
1653 400 1888 457 tamquam

223 460 427 509 vivendo
476 459 830 525 exprobrarent
863 461 1169 510 interfectum
1206 476 1317 510 esse
1351 461 1625 511 Rubellium
1657 461 1888 526 Plautum,

219 545 451 594 generum
477 528 528 578 L.
555 531 768 578 Veteris.
818 530 906 580 sed
941 531 1120 579 initium
1155 530 1460 595 detegendae
1490 533 1722 582 saevitiae
1749 547 1885 598 prae-

178 600 319 648 sbuit
354 601 636 648 interversis
670 601 858 664 patroni
898 600 1043 650 rebus
1077 600 1136 649 ad
1170 601 1490 650 accusandum
1527 601 1889 666 transgrediens

220 669 509 719 Fortunatus
533 668 751 732 libertuS,
780 669 964 719 adscito
995 668 1195 719 Claudio
1219 669 1473 734 Demiano,
1501 686 1642 736 quem
1667 671 1730 720 ob
1752 671 1887 735 flagi-

220 740 284 788 tia
321 740 530 787 vinctum
565 753 593 787 a
630 740 815 788 Vetere
848 739 998 789 Asiae
1045 754 1136 804 pro
1182 741 1382 790 consule
1419 741 1632 791 exsolvit
1664 741 1797 791 Nero
1841 742 1890 790 in

220 809 482 874 praemium
510 809 848 858 accusationis,
900 809 1030 875 quod
1057 809 1137 858 ubi
1163 811 1410 874 cognitum
1433 825 1550 873 reo,
1577 826 1730 876 seque
1756 819 1804 860 et
1831 810 1886 860 li·

220 879 407 927 bertum
442 879 544 943 pari
582 885 715 927 sorte
750 881 1000 945 componi,
1041 879 1326 929 Formianos
1354 882 1400 929 in
1431 895 1580 945 agros
1608 880 1918 945 digreditur..

163 948 320 998 1oilli‘c
358 963 465 997 eum
501 948 677 997 milites
715 949 906 998 occulta
946 948 1163 998 custodia
1199 950 1509 999 circumdant.
1571 950 1737 1000 aderat
1774 950 1887 1013 filia,

221 1033 367 1083 super
402 1019 631 1081 ingruens
669 1018 935 1082 periculum
973 1019 1124 1082 longo
1161 1018 1333 1068 dolore
1360 1027 1526 1083 atrox,
1564 1035 1627 1070 ex
1651 1035 1744 1084 quo
1779 1035 1887 1086 per·

222 1102 448 1138 cussores
485 1087 641 1136 Plauti
686 1088 843 1137 mariti
888 1089 959 1137 sui
998 1088 1214 1145 viderat;
1260 1096 1602 1154 cruentamque
1648 1091 1890 1138 cervicem

221 1157 573 1223 eiusamplexa
598 1156 824 1206 servabat
850 1158 1133 1222 sanguinem
1161 1165 1209 1207 et
1236 1165 1402 1208 vestes
1426 1173 1708 1224 respersaS,
1747 1158 1891 1208 vidua

221 1229 400 1292 inpexa
437 1227 567 1276 luctu
606 1228 830 1277 continuo
866 1243 960 1277 nec
992 1227 1103 1277 ullis
1139 1227 1375 1277 alimentis
1410 1229 1499 1276 nisi
1527 1243 1650 1293 quae
1686 1236 1890 1277 mortem

165 1313 204 1346 15
223 1304 461 1346 arcerent.
510 1303 607 1345 tum
633 1297 855 1347 hortante
883 1304 1023 1362 patre
1040 1296 1299 1362 Neapolim
1325 1299 1502 1364 pergit.
1553 1305 1601 1347 et
1625 1299 1734 1364 quia
1763 1297 1890 1346 aditu

218 1367 428 1416 Neronis
458 1366 829 1432 prohibebatur,
871 1382 1102 1430 egressus
1132 1367 1390 1429 obsidenS,
1434 1367 1622 1417 audiret
1653 1368 1891 1417 insontem

219 1451 344 1486 neve
371 1436 648 1486 consulatus
675 1437 747 1485 sui
771 1437 1010 1501 quondam
1038 1437 1279 1501 collegam
1299 1437 1500 1487 dederet
1523 1437 1714 1500 liberto,
1742 1436 1888 1487 modo

218 1505 438 1556 muliebri
465 1506 665 1570 eiulatu,
704 1506 959 1572 aliquando
996 1522 1163 1556 sexum
1193 1521 1397 1571 egressa
1423 1522 1549 1556 voce
1573 1507 1761 1560 infensa
1793 1506 1888 1556 cla-

218 1576 440 1640 mitabat,
470 1575 628 1625 donec
661 1576 893 1642 princeps
931 1575 1208 1626 inmobilem
1246 1592 1299 1626 se
1330 1576 1560 1642 precibus
1593 1584 1641 1627 et
1682 1575 1890 1627 invidiae

161 1665 200 1698 20
219 1649 348 1696 iuxta
375 1645 601 1696 ostendit.

328 1718 410 1766 11.
455 1715 590 1779 Ergo
626 1716 808 1765 nuntiat
836 1717 961 1781 patri
997 1716 1193 1765 abicere
1231 1730 1367 1780 spem
1397 1722 1445 1764 et
1470 1715 1535 1764 uti
1571 1716 1886 1768 necessitate:

218 1785 355 1836 simul
392 1785 606 1835 adfertur
633 1786 791 1850 parari
819 1786 1147 1848 cognitionem
1173 1793 1367 1835 senatus
1402 1792 1450 1834 et
1479 1792 1662 1834 trucem
1699 1792 1887 1840 senten-

217 1858 344 1905 tiam.
393 1870 488 1903 nec
525 1854 727 1904 defuere
759 1857 836 1920 qui
879 1862 1132 1904 monerent
1165 1869 1338 1918 magna
1383 1870 1446 1903 ex
1484 1862 1622 1919 parte
1659 1853 1889 1904 heredem

219 1925 479 1975 Caesarem
513 1938 792 1989 nuncupare
828 1931 972 1989 atque
1008 1924 1072 1974 ita
1113 1923 1372 1989 nepotibus
1411 1923 1470 1973 de
1499 1924 1687 1988 reliquo
1716 1938 1888 1974 consu-

184 1995 339 2045 51ere.
394 1994 522 2060 quod
559 2001 872 2059 aspernatuS,
917 2010 976 2043 ne
1011 1996 1155 2044 vitam
1184 1995 1404 2059 proxime
1438 1993 1708 2043 libertatem
1736 2000 1890 2043 actam

218 2066 483 2114 novissimo
518 2063 716 2114 servitio
753 2063 1000 2128 foedaret,
1044 2064 1246 2128 largitur
1284 2065 1332 2112 in
1362 2078 1533 2113 servos
1560 2070 1783 2128 quantum
1809 2063 1888 2113 ad-

219 2142 322 2184 erat
358 2135 619 2199 pecuniae;
666 2140 716 2182 et
754 2134 794 2182 si
834 2149 925 2198 qua
962 2136 1202 2198 asportari
1240 2140 1465 2199 possent,
1517 2133 1607 2182 sibi
1651 2147 1890 2198 quemque

219 2204 481 2267 deducere,
512 2204 597 2253 tris
624 2203 767 2252 modo
794 2203 1002 2253 lectulos
1029 2203 1088 2253 ad
1110 2218 1334 2269 suprema
1358 2203 1554 2252 retineri
1581 2201 1728 2252 iubet.
1776 2210 1890 2252 tuuc

220 2274 393 2323 eodem
419 2275 465 2323 in
495 2272 750 2337 cubicu10,
788 2273 960 2323 eodem
993 2274 1124 2323 ferro
1153 2272 1436 2323 abscindunt
1462 2287 1638 2336 venaS,
1668 2274 1888 2338 properi-

158 2352 200 2393 10
219 2358 309 2408 que
350 2351 398 2392 et
435 2343 639 2405 singulis
677 2343 894 2392 vestibus
930 2343 988 2393 ad
1023 2342 1363 2393 verecundiam
1400 2342 1546 2391 velati
1582 2341 1787 2391 balineis
1821 2343 1888 2391 in·
1973 2384 1976 2394 ἲ

217 2413 450 2476 feruntur,
482 2420 621 2478 pater
646 2411 814 2475 filiam,
843 2413 948 2463 avia
974 2421 1193 2478 neptem,
1219 2413 1302 2462 illa
1327 2419 1559 2476 utrosque
1586 2413 1802 2475 intuens,
1842 2417 1891 2460 et
1972 2421 1976 2467 ξ

219 2484 435 2533 certatim
473 2489 734 2548 precantes
772 2481 951 2531 labenti
962 2529 965 2531 ,
983 2485 1165 2546 anim-ae
1194 2482 1406 2531 celerem
1433 2482 1640 2544 exitum,
1670 2488 1721 2530 ut
1745 2480 1887 2530 relin-

218 2560 422 2617 querent
460 2567 574 2601 suos
611 2552 896 2616 superstites
927 2559 973 2601 et
1000 2554 1275 2601 morituros.
1327 2553 1643 2616 servavitque
1673 2550 1888 2600 ordinem

216 2622 425 2685 fortuna,
452 2637 510 2671 ac
537 2623 756 2670 seniores
786 2623 934 2686 prius,
962 2629 1057 2671 tum
1084 2622 1160 2670 cui
1186 2623 1337 2687 prima
1367 2629 1502 2671 aetas
1529 2621 1886 2685 extinguuntur.

161 2707 202 2739 ιε
219 2695 430 2741 accusati
462 2699 573 2756 post
603 2691 895 2756 sepulturam
933 2691 1275 2756 decretumque
1305 2699 1353 2740 ut
1386 2706 1522 2740 more
1549 2691 1776 2740 maiorum
1802 2704 1886 2754 pu-

217 2763 444 2811 nirentur.
496 2769 543 2810 et
579 2760 711 2810 Nero
749 2762 1049 2823 intercessit,
1092 2769 1293 2810 mortem
1333 2762 1436 2810 sine
1473 2759 1652 2810 arbitro
1692 2758 1885 2824 permit-

216 2837 339 2880 tens.
393 2847 452 2881 ea
480 2830 708 2879 caedibus
736 2831 948 2894 peractis
974 2830 1175 2880 ludibria
1199 2830 1544 2880 adiciebantur.

321 2901 401 2949 12.
449 2901 499 2949 Ρ.
541 2899 704 2949 Gallus
744 2915 893 2966 eques
926 2901 1190 2964 RomanuS,
1238 2901 1364 2965 quod
1404 2898 1583 2948 Faenio
1616 2897 1742 2948 Rufo
1780 2897 1885 2948 inti-
