1976 3224
180 209 279 260 102
601 218 878 258 CORNELII
903 217 1100 255 TAcrm
1121 217 1426 254 ANNALIUM

109 368 152 400 20
175 364 322 399 causa
350 349 590 414 pecuniae
612 354 808 395 nostrae
831 347 889 395 ad
911 354 1139 395 externas
1167 354 1248 396 aut
1274 347 1466 397 hostilis
1495 357 1667 412 gentes
1693 358 1846 399 trans-

168 416 423 468 feruntur?

276 485 360 537 54.
406 486 512 536 Nec
543 489 716 551 ignoro
755 488 803 535 in
831 486 1065 535 conviviis
1106 493 1154 535 et
1192 487 1387 536 circulis
1425 489 1635 537 incusari
1668 490 1758 538 ista
1800 499 1850 538 et

168 558 358 607 modum
389 559 552 621 posci:
584 565 659 606 set
689 558 858 621 siquis
882 557 1043 619 legem
1065 557 1265 619 sanciat,
1293 572 1479 621 poenas
1499 558 1693 621 indicat,
1721 558 1850 608 idem

168 628 240 676 illi
269 628 513 676 civitatem
535 629 687 689 verti,
715 626 1107 691 splendidissimo
1137 627 1308 691 cuique
1335 628 1528 676 exitium
1557 630 1743 692 parari,
1766 644 1848 678 ne-

168 698 342 745 minem
375 698 586 745 criminis
614 705 870 761 expertem
898 696 1219 746 clamitabunt.
1263 699 1392 761 atqui
1418 713 1480 746 ne
1506 700 1728 763 corporis
1748 700 1849 763 qui-

132 767 280 828 5dem
313 766 513 815 morbos
543 774 740 816 veteres
780 774 829 815 et
864 766 942 815 diu
979 775 1148 816 auctos
1186 768 1276 816 nisi
1309 783 1399 832 per
1436 769 1552 817 dura
1590 775 1638 816 et
1674 784 1851 834 aspera
1895 762 1898 767 ’

172 851 438 886 coerceas:
469 845 729 902 corruptus
752 836 891 884 simul
910 845 957 885 et
978 845 1252 902 corruptor,
1283 852 1435 901 aeger
1457 846 1505 887 et
1525 838 1733 901 flagrans
1755 840 1849 888 ani-

169 922 273 955 mus
301 907 428 955 haud
453 906 721 955 levioribus
747 907 974 955 remediis
994 908 1365 971 restinguendus
1388 916 1462 956 est
1483 923 1624 973 quam
1645 909 1850 957 libidini-

171 977 261 1024 bus
289 977 517 1026 ardescit.
572 984 645 1025 tot
672 992 699 1025 a
724 976 987 1025 maioribus
1014 986 1242 1042 repertae
1265 978 1431 1043 leges,
1469 987 1546 1027 tot
1567 994 1686 1043 quas
1713 979 1853 1028 divus

171 1047 422 1110 Augustus
461 1046 596 1108 tulit,
636 1047 754 1107 illae
795 1046 1071 1111 oblivione,
1109 1048 1227 1110 hae,
1268 1047 1397 1111 quod
1435 1049 1719 1112 flagitiosius
1758 1056 1851 1111 est,

114 1142 156 1177 10
175 1124 455 1180 contemptu
491 1115 707 1165 abolitae
746 1117 1047 1166 securiorem
1085 1119 1248 1167 luxum
1283 1118 1467 1169 fecere.
1520 1134 1626 1168 nam
1663 1121 1703 1167 si
1730 1118 1854 1167 velis

175 1187 305 1251 quod
336 1186 544 1234 nondum
572 1187 770 1234 vetitum
796 1194 899 1249 est,
927 1188 1097 1236 timeas
1123 1203 1184 1236 ne
1214 1195 1412 1236 vetere:
1451 1197 1499 1237 at
1533 1191 1573 1237 si
1612 1188 1855 1253 prohibita

173 1259 363 1321 impune
401 1255 792 1319 transcenderis,
833 1272 992 1321 neque
1032 1266 1187 1307 metus
1223 1258 1347 1306 ultra
1382 1273 1542 1323 neque
1578 1259 1736 1324 pudor
1762 1265 1852 1306 est.

175 1342 260 1374 cur
301 1340 421 1389 ergo
461 1326 575 1374 olim
603 1327 894 1390 parsimonia
925 1327 1177 1391 pollebat?
1229 1329 1340 1393 quia
1379 1329 1472 1377 sibi
1508 1330 1714 1394 quisque
1755 1342 1854 1376 mo-

175 1396 452 1458 derabatur,
483 1397 594 1459 quia
618 1397 755 1443 unius
782 1396 915 1445 urbis
944 1399 1077 1446 cives
1107 1413 1320 1452 eramus;
1349 1413 1410 1447 ne
1433 1398 1854 1463 inritamentaqui-

115 1488 157 1524 1⁶
175 1467 284 1515 dem
333 1466 504 1514 eadem
553 1467 675 1513 intra
714 1465 898 1515 Italiam
945 1467 1314 1517 dominantibus.
1386 1469 1600 1518 externis
1638 1467 1855 1517 victoriis
1907 1499 1911 1502 -

174 1537 358 1600 aliena,
407 1536 630 1584 civilibus
670 1537 813 1584 etiam
852 1545 1018 1586 nostra
1060 1553 1349 1586 consumere
1384 1539 1651 1587 didicimus,
1710 1552 1855 1601 quan-

172 1608 321 1655 tulum
358 1606 483 1654 istud
528 1614 602 1654 est
641 1606 701 1654 de
729 1619 824 1669 quo
864 1608 1049 1656 aediles
1080 1607 1356 1657 admonent!
1408 1623 1576 1673 quam,
1620 1609 1659 1655 si
1689 1615 1856 1656 cetera

173 1677 430 1740 respicias,
458 1678 506 1722 in
531 1676 631 1723 levi
658 1675 955 1725 habendum!
999 1685 1046 1726 at
1083 1677 1283 1726 hercule
1321 1692 1464 1726 nemo
1504 1677 1684 1739 refert,
1727 1675 1856 1740 quod

173 1746 312 1795 Italia
348 1753 583 1794 externae
622 1746 729 1808 opis
771 1746 978 1808 indiget,
1033 1748 1162 1812 quod
1197 1748 1294 1796 vita
1331 1747 1499 1811 populi
1536 1746 1738 1795 Romani
1768 1760 1857 1810 per

117 1818 360 1874 wincerta
396 1816 539 1863 maris
572 1822 620 1862 et
656 1823 996 1878 tempestatum
1025 1818 1209 1866 cotidie
1231 1818 1458 1866 volvitur.
1519 1832 1577 1865 ac
1613 1816 1704 1864 nisi
1742 1829 1855 1880 pro-

181 1887 437 1934 vinciarum
465 1886 638 1949 copiae
671 1891 718 1931 et
743 1884 946 1934 dominis
973 1894 1020 1934 et
1048 1882 1258 1936 sei-vitiis
1286 1895 1334 1935 et
1359 1889 1492 1950 agris
1522 1886 1854 1946 subvenerint,

174 1964 340 2004 nostra
366 1968 455 2002 nos
487 1955 678 2003 scilicet
698 1969 896 2004 nemora
917 1965 1212 2022 nostraeque
1233 1957 1379 2005 villae
1402 1956 1675 2005 tuebuntur.
1714 1955 1855 2015 hanc,

177 2034 343 2091 patres
370 2026 654 2089 conscripti,
689 2039 850 2073 curam
876 2027 1080 2075 sustinet
1105 2029 1361 2091 princeps;
1401 2027 1524 2075 haec
1549 2027 1726 2074 omissa
1752 2025 1855 2072 fun-

177 2098 303 2146 ditus
327 2110 430 2143 rem
461 2095 705 2159 publicam
733 2095 906 2143 trahet.
964 2097 1165 2161 reliquis
1194 2099 1317 2145 intra
1345 2097 1544 2146 animum
1570 2094 1856 2143 medendum

119 2199 160 2231 25
183 2174 281 2215 est:
309 2179 397 2213 nos
427 2165 599 2229 pudor,
630 2179 876 2228 pauperes
902 2169 1201 2228 necessitas,
1239 2167 1413 2215 divites
1440 2167 1587 2214 satias
1612 2166 1658 2212 in
1684 2163 1855 2212 melius

177 2243 342 2285 mutet.
401 2243 480 2282 aut
507 2236 547 2283 si
574 2235 681 2298 quis
709 2249 771 2282 ex
794 2236 1155 2298 magistratibus
1188 2245 1364 2285 tantam
1388 2236 1667 2284 industriam
1694 2249 1752 2283 ac
1778 2247 1854 2281 se-

178 2306 433 2354 veritatem
461 2305 750 2367 pollicetur,
780 2311 829 2351 ut
857 2306 927 2352 ire
956 2305 1145 2354 obviam
1173 2314 1334 2370 queat,
1362 2307 1486 2354 hunc
1515 2318 1609 2366 ego
1637 2311 1685 2352 et
1712 2302 1853 2352 laudo

181 2383 228 2424 et
265 2375 524 2423 exonerari
550 2373 769 2420 laborum
807 2388 1023 2422 meorum
1064 2383 1250 2439 partem
1285 2375 1469 2423 fateor:
1515 2375 1588 2421 sin
1621 2385 1855 2420 accusare

178 2446 293 2493 vitia
311 2443 497 2505 volunt,
525 2442 654 2504 dein,
682 2457 788 2490 cum
808 2444 1013 2505 gloriam
1035 2445 1139 2491 eius
1159 2446 1232 2492 rei
1253 2444 1414 2507 adepti
1436 2450 1559 2505 sunt,
1588 2441 1853 2489 simultates

122 2516 358 2582 30faciunt
392 2527 450 2562 ac
494 2512 607 2559 mihi
643 2512 942 2574 relinquunt,
986 2514 1401 2578 credite,‚patres
1445 2511 1736 2575 conscripti,
1777 2523 1853 2557 me

182 2599 375 2650 quoque
415 2593 512 2630 non
548 2597 660 2630 esse
690 2581 1008 2631 offensionum
1034 2584 1245 2640 avidum3
1291 2598 1410 2647 quas
1449 2597 1553 2630 cum
1589 2594 1764 2644 graves
1807 2585 1854 2626 et

180 2657 466 2720 plerumque
494 2653 680 2717 iniquas
709 2666 797 2716 pro
826 2667 880 2700 re
906 2652 1100 2717 publica
1125 2653 1402 2717 suscipiam,
1431 2654 1596 2700 inanes
1624 2658 1670 2698 et
1690 2649 1853 2696 inritas

181 2740 340 2788 neque
368 2723 480 2770 mihi
516 2731 595 2771 aut
624 2722 766 2770 vobis
793 2723 899 2771 usui
927 2723 1110 2771 futuras
1138 2724 1242 2771 iure
1267 2723 1548 2786 deprecor.’

283 2797 366 2843 55.
403 2792 591 2841 Auditis
621 2793 847 2842 Caesaris
884 2792 1037 2841 literis
1076 2794 1279 2841 remissa
1306 2790 1542 2840 aedilibus
1578 2788 1687 2836 talis
1714 2801 1824 2835 cura
1841 2805 1857 2839 ;.

183 2867 422 2927 luxusque
448 2877 665 2925 mensae,
692 2878 721 2911 a
749 2863 842 2910 line
875 2861 1063 2912 Actiaci
1090 2861 1208 2910 belli
1235 2862 1294 2910 ad
1326 2875 1382 2909 ea
1410 2874 1564 2918 arma,
1605 2858 1710 2921 quis
1740 2858 1852 2904 Ser·

182 2937 288 2983 vius
326 2933 477 2982 Galba
513 2947 672 2982 rerum
708 2932 913 2996 adeptus
954 2940 1053 2993 est,
1096 2945 1185 2996 per
1228 2945 1377 2979 annos
1417 2935 1602 2977 centum
1643 2925 1853 2991 profusis
