1976 3224
134 157 200 208 84
568 167 844 207 CORNELII
870 167 1067 206 TAcl‘rr
1089 169 1394 208 ANNALIUM

136 298 336 360 coargui
362 297 536 360 possit,
563 310 752 360 vosque
778 310 866 344 oro
890 311 968 359 ne,
997 297 1107 360 quia
1137 296 1295 345 dolori
1317 312 1424 346 meo
1449 312 1594 346 causa
1621 313 1806 348 conexa

135 375 227 429 est,
257 366 451 415 obiecta
478 366 674 414 crimina
697 380 787 430 pro
814 365 1096 430 adprobatis
1125 367 1391 430 accipiatis.
1459 369 1500 414 si
1536 381 1658 431 quos
1694 383 1803 433 pro·

133 438 338 501 pinquus
365 435 561 498 sanguis
587 442 668 483 aut
693 435 813 484 fides
840 449 926 484 sua
950 443 1185 500 patronos
1213 436 1374 498 dedit,
1415 444 1638 500 quantum
1678 440 1805 503 quis-

74 517 117 549 25
136 521 229 570 que
256 504 536 568 eloquentia
564 512 612 552 et
640 519 755 553 cura
775 505 939 566 valet,
976 507 1134 553 iuvate
1172 506 1555 568 periclitantem:
1597 507 1657 556 ad
1693 523 1806 556 eun-

133 577 241 624 dem
281 574 527 635 laborem,
564 575 768 623 eandem
804 575 1118 623 constantiam
1155 584 1468 624 accusatores
1511 576 1694 625 hortor.
1762 577 1810 626 id

132 645 287 692 solum
320 643 606 693 Germanico
631 659 782 708 super
806 644 947 707 leges
974 645 1383 708 praestiterimus,
1426 646 1553 710 quod
1591 648 1639 694 in
1678 647 1807 694 curia

131 715 294 779 potius
334 728 474 794 quam
511 715 559 761 in
595 714 732 776 foro,
771 714 897 777 apud
934 722 1150 763 senatum
1186 729 1326 778 quam
1360 715 1487 780 apud
1526 716 1709 764 iudices
1746 717 1807 764 de

130 791 286 832 morte
312 785 415 832 eius
442 784 735 847 anquiritur:
763 791 928 832 cetera
955 785 1059 846 pari
1085 784 1322 833 modestia
1341 792 1619 834 tractentur.
1665 799 1806 834 nemo

76 864 118 898 30
132 852 280 902 Drusi
307 853 557 914 lacrimas,
584 867 727 901 nemo
752 854 1038 901 maestitiam
1062 868 1216 902 meam
1244 861 1462 919 spectet,
1507 870 1601 904 nec
1636 856 1678 903 si
1715 869 1808 919 qua

132 924 179 971 in
211 938 300 971 nos
327 922 532 971 adversa
561 923 815 986 fi1.1guntur
819 929 838 951 ’

238 993 319 1042 1.3
355 991 495 1040 Exim
535 992 727 1040 biduum
764 992 1038 1041 criminibus
1077 992 1345 1041 obiciendis
1392 995 1614 1052 statuitur
1657 1001 1806 1058 utque

132 1078 222 1111 sex
247 1062 429 1110 dierum
454 1062 614 1126 spatio
640 1063 898 1110 interiecto
930 1077 1044 1110 reus
1082 1077 1172 1127 per
1203 1063 1407 1111 triduum
1444 1063 1806 1113 defenderetur.

130 1140 228 1180 tum
253 1131 500 1180 Fulcinius
539 1139 708 1181 vetera
749 1139 799 1180 et
835 1132 991 1181 inania
1028 1132 1238 1194 orditur,
1276 1133 1529 1181 ambitiose
1565 1147 1807 1197 avareque

131 1201 339 1250 habitam
374 1200 676 1266 Hispaniam;
716 1202 845 1265 quod
880 1217 1039 1265 neque
1079 1202 1348 1250 convictum
1391 1216 1551 1252 noxae
1593 1217 1709 1265 reo,
1767 1204 1808 1250 si

93 1291 112 1322 5
132 1272 347 1319 recentia
372 1278 631 1334 purgaret,
658 1286 819 1334 neque
847 1270 1099 1320 defensum
1126 1271 1417 1320 absolutioni
1445 1279 1576 1334 erat,
1604 1273 1645 1321 si
1671 1279 1806 1321 tene·

131 1348 264 1389 retur
288 1340 547 1389 maioribus
574 1340 785 1404 flagitiis.
839 1348 953 1405 post
979 1356 1121 1406 quem
1148 1342 1394 1390 Servaeus
1425 1349 1473 1390 et
1495 1341 1733 1401 Veranius
1762 1350 1809 1390 et

129 1409 357 1459 Vitellius
383 1410 622 1458 consimili
648 1410 832 1472 studio,
871 1417 920 1458 et
944 1411 1089 1473 multa
1125 1411 1403 1474 eloquentia
1429 1411 1681 1474 Vitellius,
1722 1411 1807 1460 oh·

128 1481 295 1528 iecere
322 1479 434 1528 odio
457 1478 727 1529 Germanici
755 1487 803 1528 et
821 1494 981 1527 rerum
1006 1494 1236 1528 novarum
1266 1481 1423 1530 studio
1453 1481 1678 1530 Pisonem
1704 1481 1806 1528 vul-

130 1563 220 1613 gus
246 1549 444 1597 militum
471 1565 560 1614 per
587 1549 830 1598 licentiam
857 1557 905 1598 et
930 1550 1174 1598 sociorum
1198 1550 1395 1599 iniurias
1424 1565 1484 1599 eo
1511 1566 1665 1614 usque
1694 1564 1806 1599 con-

74 1636 114 1669 το
130 1620 353 1682 rupisse,
382 1625 434 1666 ut
457 1634 635 1683 parens
665 1619 910 1683 legionum
935 1634 962 1667 a
991 1619 1262 1668 deterrimis
1305 1620 1660 1684 appellaretur;
1694 1633 1807 1668 con-

129 1696 202 1736 tra
231 1689 278 1735 in
306 1689 532 1751 optimum
561 1704 821 1752 quemque,
848 1690 1054 1738 maxime
1086 1690 1133 1735 in
1160 1689 1362 1737 comites
1398 1697 1446 1738 et
1481 1689 1662 1738 amicos
1690 1688 1807 1738 Ger·

127 1758 298 1805 manici
343 1758 586 1812 saevisse:
638 1766 888 1821 postremo
927 1759 1084 1821 ipsum
1131 1757 1474 1807 dev0tionibus
1520 1765 1568 1806 et
1615 1772 1806 1806 veneno

129 1827 423 1890 peremisse;
459 1841 599 1875 sacra
626 1827 736 1875 hinc
763 1835 812 1875 et
838 1827 1190 1875 immolationes
1217 1828 1452 1877 nefandas
1482 1828 1635 1892 ipsius
1663 1836 1807 1891 atque

130 1897 406 1957 Plancinae,
438 1897 635 1958 petitam
659 1898 801 1946 armis
829 1911 931 1945 rem
954 1896 1226 1961 publicam,
1258 1905 1405 1961 utque
1431 1912 1543 1945 reus
1581 1898 1660 1960 agi
1695 1910 1807 1962 pos-

73 1982 113 2015 15
135 1974 226 2029 set,
251 1966 357 2014 acie
388 1966 580 2013 victum.

240 2037 322 2084 14.
364 2034 599 2083 Defensio
628 2036 674 2083 in
712 2036 889 2083 ceteris
920 2036 1212 2101 -trepidavit;
1252 2052 1358 2085 nam
1396 2051 1556 2100 neque
1594 2035 1807 2084 ambitio-

129 2121 238 2154 nem
267 2105 520 2152 militarem
543 2120 704 2168 neque
731 2107 1030 2168 provinciam
1065 2107 1282 2171 pessimo
1320 2108 1493 2170 cuique
1535 2105 1808 2165 obnoxiam,

130 2191 192 2223 ne
223 2174 536 2223 contumelias
564 2174 756 2238 quidem
787 2175 1043 2224 adversum
1071 2178 1412 2240 imperatorem
1446 2174 1636 2222 infitiari
1671 2181 1808 2238 pote-

130 2252 231 2292 rat:
274 2244 431 2291 solum
456 2244 630 2291 veneni
659 2245 839 2292 crimen
863 2246 994 2292 visus
1023 2253 1096 2293 est
1125 2246 1341 2307 diluisse,
1369 2244 1498 2308 quod
1526 2259 1586 2292 ne
1611 2257 1809 2292 accusa-

95 2322 270 2365 5tores
310 2313 501 2376 quidem
541 2313 657 2361 satis
696 2313 971 2375 firmabant,
1006 2316 1053 2361 in
1086 2315 1308 2363 convivio
1348 2313 1647 2374 Germanici,
1704 2327 1810 2360 cum

131 2397 282 2446 super
308 2396 415 2430 eum
450 2381 561 2429 Piso
589 2382 933 2444 discumberet,
960 2383 1170 2432 infectos
1195 2382 1412 2431 manibus
1442 2383 1545 2430 eius
1574 2381 1710 2430 cibos
1735 2396 1807 2429 ar-

129 2459 351 2515 guentes.
404 2451 582 2515 quippe
610 2450 869 2500 absurdum
896 2451 1150 2500 videbatur
1186 2454 1310 2500 inter
1345 2452 1504 2501 aliena
1538 2451 1732 2499 servitia
1761 2458 1810 2498 et

129 2529 201 2570 tot
227 2522 513 2571 adstantium
532 2520 656 2581 visu,
685 2521 792 2584 ipso
816 2520 1100 2570 Germanico
1130 2536 1321 2584 coram,
1348 2521 1395 2570 id
1415 2536 1604 2575 ausum:
1632 2520 1807 2569 offere-

130 2591 309 2655 batque
334 2590 562 2639 familiam
587 2605 702 2638 reus
732 2598 781 2639 et
805 2592 1047 2640 ministros
1076 2592 1123 2640 in
1144 2598 1382 2640 tormenta
1408 2590 1666 2654 flagitabat.
1719 2589 1806 2637 sed

71 2675 114 2709 10
131 2662 320 2709 iudices
345 2675 437 2723 per
463 2659 658 2708 diversa
683 2659 1004 2724 inplacabiles
1026 2669 1179 2724 erant,
1205 2660 1388 2710 Caesar
1411 2660 1474 2708 ob
1495 2660 1671 2708 bellum
1694 2673 1805 2722 pro-

129 2731 317 2778 vinciae
345 2729 564 2791 inlatum,
611 2737 807 2778 senatus
846 2745 1097 2794 numquam
1132 2733 1248 2780 satis
1287 2730 1470 2779 credito
1507 2731 1610 2777 sine
1637 2727 1805 2777 fraude

135 2797 466 2847 Germanicum
493 2800 734 2848 interisse.
786 2800 850 2831 **
891 2801 1204 2864 scripsissent
1242 2799 1634 2863 expostulanteS,
1677 2797 1805 2862 quod

113 2864 252 2916 ‘haud
283 2869 434 2915 minus
462 2867 682 2916 Tiberius
711 2884 849 2932 quam
877 2869 986 2917 Piso
1024 2869 1251 2919 abnuere.
1318 2868 1453 2917 simul
1493 2868 1658 2931 populi
1697 2874 1805 2915 ante
