1976 3224
525 181 700 219 LIBER
737 181 862 218 xm.
904 180 1027 217 CAP.
1061 177 1258 220 44—49.
1640 167 1741 216 247

77 313 315 372 dictitanS,
344 325 436 358 nec
462 325 610 374 posse
639 311 980 357 matrimonium
1015 310 1247 369 amittere,
1277 307 1546 355 devinctam
1571 304 1745 353 Othoni

0 373 4 382 “
78 397 166 447 per
192 395 346 443 genus
370 382 519 442 vitae,
544 379 672 443 quod
697 393 835 426 nemo
862 379 1180 442 adaequaret:
1207 376 1339 424 illum
1366 376 1520 424 animo
1544 382 1591 423 et
1618 374 1746 422 cultu

78 450 404 513 magnificum;
433 448 498 497 ibi
527 465 580 497 se
606 463 785 497 summa
811 448 999 496 fortuna
1025 447 1170 510 digna
1199 447 1384 494 visere:
1414 453 1460 493 at
1484 444 1744 506 Neronem,

79 519 268 584 paelice
299 518 474 567 ancilla
502 527 548 566 et
575 517 886 566 adsuetudine
916 517 1067 565 Actes
1095 516 1394 577 devinctum,
1423 514 1538 563 nihil
1571 530 1596 562 e
1630 529 1743 562 con·
1766 525 1804 557 ¹⁵

78 589 298 638 tubernio
337 588 500 636 servili
537 589 627 636 nisi
663 587 900 636 abiectum
929 595 976 635 et
1003 585 1243 635 sordidum
1273 586 1496 633 traxisse.
1546 584 1748 632 deIcitur

78 657 398 708 familiaritate
431 665 591 719 sueta,
635 665 748 722 post
782 671 1051 720 congressu
1088 663 1136 705 et
1173 657 1397 703 comitatu
1423 653 1577 715 Oth0,
1610 661 1656 702 et
1690 653 1748 702 ad

80 725 404 792 postremum,
433 742 493 775 ne
519 729 566 775 in
595 727 712 775 urbe
739 727 1004 775 aemulatus
1032 733 1229 789 ageret,
1259 726 1541 789 provinciae
1569 723 1746 772 Lusita-

77 798 184 845 niae
209 797 507 860 praeficitur;
539 796 616 844 ubi
655 812 803 860 usque
838 796 896 844 ad
926 795 1082 844 civiIIa
1112 811 1239 844 arma
1269 809 1366 843 non
1404 809 1465 842 ex
1492 795 1655 858 priore
1683 794 1748 840 in-

77 866 216 915 famia
249 865 336 914 sed
376 867 565 928 integre
600 874 863 930 sancteque
900 868 1024 928 egit,
1063 879 1251 929 procax
1286 865 1370 912 otii
1411 871 1458 911 et
1496 864 1749 927 potestatis
1765 872 1807 904 ‘20

78 936 437 999 temperantior.

182 1005 267 1054 47.
304 1004 548 1053 Hactenus
571 1004 700 1053 Nero
727 1004 919 1067 flagitiis
946 1011 991 1052 et
1017 1003 1286 1052 sceleribus
1310 1002 1578 1051 velamenta
1604 1016 1748 1066 quae-

77 1074 203 1122 sivit.
267 1074 577 1138 suspectabat
616 1075 817 1122 maxime
858 1072 1133 1122 Cornelium
1159 1073 1368 1135 Sullam,
1406 1086 1577 1121 socors
1612 1073 1748 1134 inge-

77 1145 202 1191 nium
229 1145 332 1190 eius
368 1144 414 1190 in
445 1145 732 1192 contrarium
774 1143 966 1192 trahens
999 1142 1316 1207 callidumque
1354 1149 1401 1189 et
1427 1141 1750 1190 simulatorem

78 1211 455 1276 interpretando,
544 1229 682 1276 quem
717 1220 890 1261 metum
929 1212 1133 1276 Graptus
1175 1228 1249 1273 ex,
1280 1211 1467 1260 libertis
1509 1209 1747 1272 Caesaris,

78 1297 165 1330 usu
196 1289 244 1329 et
281 1289 478 1330 senecta
515 1282 709 1331 Tiberio
749 1282 963 1346 abusque
1003 1282 1190 1330 domum
1225 1282 1490 1345 principum
1528 1281 1747 1341 edoctus,
1771 1293 1789 1325 5

79 1351 160 1400 tali
184 1349 434 1399 mendacio
467 1352 682 1400 intendit.
739 1366 860 1415 pons
885 1352 1090 1400 Mulvius
1123 1353 1170 1399 in
1202 1366 1261 1399 eo
1289 1359 1511 1415 tempore
1539 1349 1750 1399 celebris

78 1421 324 1468 nocturnis
352 1420 609 1469 inlecebris
639 1429 768 1478 erat;
809 1421 1167 1486 ventitabatque
1204 1421 1330 1475 illuc?
1345 1420 1501 1483 Nero,
1543 1417 1637 1483 q'uo
1672 1434 1749 1468 so-

79 1490 220 1537 lutius
261 1489 427 1537 urbem
469 1498 604 1539 extra
639 1490 900 1539 lasciviret.
977 1491 1123 1554 igitur
1156 1490 1452 1553 regredienti
1496 1505 1583 1553 per
1625 1491 1751 1538 viam

77 1558 352 1608 Flaminiam
381 1562 674 1624 compositas
701 1560 894 1609 insidias
931 1561 1126 1625 fatoque
1155 1562 1381 1622 evitataS,
1421 1559 1642 1623 quoniam
1682 1559 1749 1607 di-

80 1642 225 1676 verso
252 1628 422 1678 itinere
449 1629 767 1679 Sallustianos
791 1632 838 1678 in
863 1630 1030 1679 hortos
1057 1631 1372 1691 remeaverit,
1407 1636 1746 1693 auctoremque
1767 1643 1806 1675 10

79 1699 182 1746 eius
217 1697 316 1745 doli
343 1698 524 1748 Sullam
560 1702 837 1761 ementitur,
878 1700 988 1764 quia
1013 1699 1140 1748 forte
1182 1697 1493 1748 redeuntibus
1523 1699 1749 1747 ministris

81 1767 312 1830 principis
340 1767 528 1831 quidam
556 1785 644 1833 per
671 1769 938 1821 iuvenalem
970 1769 1236 1832 licentiam,
1271 1784 1394 1833 quae
1429 1776 1540 1817 tunc
1569 1769 1749 1832 passim

80 1834 426 1900 exercebatur,
462 1839 648 1886 inanem
675 1846 850 1887 metum
874 1839 1110 1888 fecerant.
1160 1853 1318 1902 neque
1346 1853 1595 1887 servorum
1621 1840 1747 1902 quis-

80 1919 219 1968 quam
242 1920 400 1970 neque
441 1905 681 1955 clientium
706 1907 869 1956 Sullae
893 1908 1142 1972 adgnituS,
1181 1909 1483 1971 maximeque
1515 1907 1747 1971 despecta

80 1981 127 2022 et
153 1974 325 2022 nullius
360 1977 459 2023 ausi
498 1990 653 2040 capax
681 1984 846 2026 natura
876 1979 976 2025 eius
1005 1993 1030 2026 a
1060 1977 1254 2026 crimine
1283 1976 1601 2026 abhorrebat:
1642 1992 1746 2042 per·
1768 1988 1807 2020 ιε

77 2042 187 2091 inde
224 2051 380 2093 tamen
417 2046 552 2109 quasi
596 2047 844 2095 convictus
879 2053 1036 2109 esset,
1091 2046 1266 2095 cedere
1303 2047 1456 2111 patria
1502 2053 1549 2093 et
1581 2045 1746 2094 Massi-

77 2111 295 2161 liensium
322 2114 571 2162 moenibus
595 2117 815 2164 coerceri
842 2115 1045 2164 iubetur.

179 2181 264 2231 48.
300 2182 459 2231 Isdem
496 2184 772 2233 consulibus
819 2185 1005 2234 auditae
1040 2185 1411 2235 Puteolanorum
1454 2185 1744 2248 legationeS,

78 2266 197 2315 quas
225 2251 442 2301 diversas
470 2253 591 2302 ordo
621 2254 761 2318 plebs
790 2254 848 2304 ad
875 2262 1088 2303 senatum
1114 2257 1370 2317 miserant,
1407 2254 1476 2303 illi
1507 2256 1600 2303 vim
1630 2255 1745 2303 mul·

72 2319 310 2383 fitudiniS,
346 2321 396 2369 hi
430 2324 791 2386 magistratuum
823 2331 871 2372 et
901 2326 1038 2389 primi
1065 2325 1294 2389 cuiusque
1325 2326 1569 2374 avaritiam
1593 2326 1747 2383 incre-

81 2397 267 2452 pantes.
335 2405 487 2455 eaque
515 2392 687 2442 seditio
716 2393 775 2442 ad
800 2409 917 2443 saxa
944 2401 992 2442 et
1018 2395 1166 2443 minas
1193 2396 1367 2457 ignium
1398 2409 1661 2459 progressa
1686 2409 1747 2442 ne

81 2458 277 2507 caedem
316 2466 364 2508 et
401 2475 530 2510 arma
562 2462 856 2526 proliceret,
897 2462 950 2512 C.
984 2462 1180 2512 Cassius
1220 2463 1489 2512 adhibendo
1530 2462 1743 2511 remedio
1766 2479 1786 2511 5

77 2526 312 2576 delectus,
382 2530 491 2592 quia
534 2533 842 2581 severitatem
887 2533 990 2581 eius
1038 2547 1135 2581 non
1170 2531 1469 2595 tolerabant,
1517 2539 1750 2596 precante

79 2597 185 2660 ipso
221 2597 281 2646 ad
308 2597 588 2648 Scribonios
623 2600 797 2650 fratres
829 2617 885 2651 ea
914 2616 1027 2650 cura
1053 2602 1367 2664 transfertur,
1406 2601 1513 2649 data
1543 2601 1747 2650 cohorte

78 2668 348 2730 praetoria,
378 2668 510 2716 cuius
535 2676 723 2717 terrore
751 2677 798 2718 et
826 2685 1086 2734 paucorum
1112 2671 1353 2735 supplicio
1383 2670 1524 2718 rediit
1548 2670 1746 2735 oppida-

79 2734 151 2782 nis
177 2735 452 2786 concordia.

140 2818 142 2820 ·
182 2805 266 2855 49.
303 2805 413 2855 Non
438 2807 673 2856 referrem
700 2808 1082 2871 vulgarissimum
1108 2817 1301 2858 senatus
1329 2809 1622 2871 consultum,
1651 2824 1745 2873 quo

82 2871 260 2920 civitati
302 2876 710 2936 Syracusanorum
757 2877 925 2939 egredi
969 2893 1213 2926 numerum
1266 2878 1463 2926 edendis
1507 2878 1743 2940 gladiato·
