1950 3210
125 197 206 236 XI.
592 196 1046 236 COMMENTARIUS
1076 196 1358 236 CRITICUS.

266 325 364 386 36,
401 335 429 378 3
459 328 670 374 audirent
710 324 920 388 (adirent
948 327 1063 390 al.);
1101 328 1167 387 cf.
1197 334 1280 386 12,
1319 334 1377 376 28
1403 335 1446 373 et
1477 333 1533 377 32
1571 330 1716 374 aciem
1748 343 1829 375 au-

125 397 238 444 dere
268 391 279 463 Ι
313 398 456 444 edicit
483 399 542 442 al.
578 391 586 459 Ι
617 398 822 457 4pactio
847 403 889 442 et
915 403 970 445 12
995 397 1177 457 pacium
1209 391 1217 461 Ι
1249 402 1273 446 7
1309 412 1455 457 pauca

265 465 357 525 37,
395 472 424 514 4
458 467 593 526 copia
623 471 812 512 econtra
846 467 1093 513 duceretur
1134 462 1145 532 Ι
1186 469 1370 526 hucque
1405 467 1467 512 L.-
1492 469 1582 513 huc
1608 460 1825 532 quoque}

123 542 179 585 12
206 537 383 583 Moschi
412 537 497 582 Ri:
527 536 710 582 insochi
744 534 751 593 Ι
786 543 841 585 13
872 537 1228 583 incursaverunt
1252 536 1318 582 Rz·
1346 531 1355 601 Ι
1388 543 1444 587 16
1471 538 1607 583 nobis

264 601 359 664 38,
398 611 425 653 2
454 607 500 651 in
528 620 725 664 summa,
754 618 839 659 em.
869 607 967 663 Fa,
1004 608 1126 666 quod
1147 607 1264 651 idem
1287 609 1439 652 vitium
1472 613 1537 651 est
1561 606 1626 652 H.
1652 613 1706 666 2,
1735 612 1789 655 16

120 680 149 724 8
176 675 333 721 afferri
374 669 384 742 Ι
427 672 522 734 39,
559 681 615 725 19
641 681 763 721 metu
797 676 861 720 L.-
891 681 1043 734 motu,
1079 691 1118 722 v.
1160 677 1322 722 Wurm
1356 679 1402 720 in
1427 676 1591 722 Philol.
1616 677 1704 734 IX,
1731 681 1788 726 87

121 750 178 793 20
203 746 385 792 nudatis
419 739 427 809 Ι
459 749 513 794 27
543 745 666 805 capti
696 745 850 804 gentis

261 813 357 874 40,
399 822 421 863 1
450 815 562 874 fort·
591 815 805 872 obsidio,
844 815 983 869 nihil3
1021 830 1131 860 nam
1159 816 1344 861 Tacitus
1375 817 1512 860 multo
1535 815 1826 875 frequentius

118 891 318 943 usurpat
355 898 518 931 nomen
557 884 789 930 obsidium
823 898 959 944 quam
990 885 1175 932 obsidio
1209 881 1215 949 Ι
1250 891 1305 934 12
1331 899 1475 931 cornu
1510 885 1702 931 sinistro
1739 885 1824 930 W:

120 967 289 999 cornus
315 955 362 999 in
389 955 581 1000 sinistro
616 948 623 1015 Ι
657 959 714 1002 14
739 954 797 1000 ad
821 955 960 1000 ictum
986 956 1172 1000 Baiter.-
1199 955 1429 1002 addictum
1461 949 1469 1017 Ι
1503 959 1558 1004 16
1583 955 1772 1000 diuerso

259 1022 317 1070 41
339 1057 353 1080 ,
384 1032 410 1072 5
437 1024 695 1083 praemissa
714 1023 784 1069 H:
810 1025 1160 1084 praemissaque
1187 1021 1561 1084 (praemissaque
1585 1024 1705 1070 levis
1727 1020 1822 1084 al.)

121 1086 128 1158 Ι
157 1098 186 1142 8
215 1095 415 1140 artaxati
449 1089 456 1158 Ι
489 1101 544 1143 10
568 1098 755 1139 teneres
778 1093 827 1138 N
831 1113 845 1144 ,·
878 1095 1055 1139 videtur
1070 1097 1227 1153 potius
1256 1086 1820 1156 poterantintercidisse.1

118 1169 172 1211 15
206 1164 344 1209 tectis
373 1169 563 1209 actenus
601 1164 704 1208 incl.
734 1163 822 1212 Ra:-
855 1164 994 1210 tectis
1023 1178 1079 1210 ac
1112 1164 1352 1210 moenibus
1389 1170 1520 1210 tenus
1548 1163 1646 1219 ΒΖ,
1685 1163 1821 1209 tectis

117 1246 172 1278 ac
196 1233 347 1291 portis
373 1238 506 1279 tenus
538 1233 609 1287 W,
636 1232 876 1279 Artaxatis
896 1238 1031 1279 tenus
1042 1234 1096 1290 A,
1125 1238 1287 1279 cuncta
1307 1230 1458 1294 [extra
1480 1229 1637 1294 tectis]
1662 1233 1820 1279 hacte-

116 1316 201 1348 nus
240 1302 287 1347 N
323 1295 331 1365 Ι
371 1307 426 1350 16
455 1307 648 1361 repente
684 1302 807 1347 Med.
831 1302 966 1348 habet
1000 1308 1105 1348 ante
1133 1303 1402 1359 moenibus,
1441 1303 1543 1347 edd.
1569 1304 1688 1362 ναῖς.
1718 1306 1824 1347 ante

117 1376 214 1417 atra
246 1365 257 1435 Ι
289 1371 645 1430 fulguribusque
672 1373 761 1430 aL,
794 1387 835 1417 v.
862 1373 1053 1417 Lackm.
1078 1373 1141 1417 ad
1162 1372 1304 1417 Lucr.
1346 1371 1436 1428 VI,
1466 1375 1559 1417 170
1587 1365 1599 1436 Ι
1632 1377 1688 1421 18
1708 1381 1821 1417 'con-

119 1442 348 1487 salutatus
375 1441 449 1486 R.-
474 1441 742 1487 consolatus

257 1507 353 1568 42,
400 1516 456 1558 14
491 1510 800 1556 extimandum
843 1507 1223 1570 (existimandum
1258 1507 1348 1572 al.)
1359 1528 1376 1562 ;
1422 1509 1487 1569 cf.
1523 1509 1654 1556 Caes.
1698 1510 1737 1554 b.
1767 1510 1822 1556 G.

114 1584 139 1629 7
157 1614 170 1638 ,
198 1585 251 1627 14
275 1581 416 1625 multo
445 1580 525 1626 illa
553 1578 757 1638 gravius
774 1581 1020 1627 aestimare
1047 1586 1131 1626 etc.
1166 1573 1174 1644 Ι
1216 1585 1273 1627 22
1298 1593 1353 1626 ac
1379 1579 1577 1626 dicendo
1602 1578 1821 1639 Spenqel:

117 1663 170 1696 ac
201 1646 258 1695 do
281 1647 490 1709 (agendo
517 1649 574 1706 D,
606 1663 660 1695 ac
685 1650 807 1696 domi
840 1648 937 1712 JG)
971 1645 978 1712 Ι
1014 1651 1312 1707 submittere,
1338 1662 1422 1694 em.
1451 1649 1490 1693 L

257 1714 351 1776 43,
377 1723 406 1766 4
433 1718 695 1764 detulerant
719 1721 793 1764 He
825 1713 832 1783 Ι
865 1727 890 1768 5
922 1721 1069 1765 visum
1094 1721 1159 1764 E.-
1187 1720 1336 1764 uisum
1362 1719 1445 1764 sub
1480 1711 1488 1782 Ι
1521 1724 1575 1766 15
1605 1718 1820 1777 protendi

116 1782 130 1850 l·
151 1793 208 1836 20
237 1788 368 1845 auia,
401 1801 485 1832 em.
512 1789 559 1833 F
583 1785 590 1851 Ι
625 1793 677 1836 21
705 1786 859 1834 insula

250 1855 344 1916 44,
384 1864 434 1906 11
464 1858 509 1902 in
536 1863 818 1916 postremum
852 1854 858 1921 Ι
891 1866 944 1907 15
973 1858 1196 1915 libidine,
1223 1871 1305 1903 em.
1329 1856 1402 1908 R‚·
1427 1856 1490 1915 cf.
1520 1862 1601 1915 13,
1629 1862 1712 1911 543
1748 1861 1821 1914 14,

114 1932 172 1976 54
185 1943 195 1980 ;
226 1934 307 1984 15,
335 1932 392 1975 60
436 1921 444 1991 Ι
489 1942 548 1972 ex
585 1941 670 1985 qua
708 1929 925 1975 incensus
957 1927 1163 1972 Beklcer:
1203 1932 1249 1972 et
1288 1926 1513 1984 quaestim
1550 1939 1718 1972 census
1747 1922 1821 1985 (et

115 1997 247 2055 quasi
271 1997 488 2043 incensus
517 1997 612 2053 JG,
642 2003 778 2056 atque
808 2004 939 2043 aestu
965 1998 1181 2043 incensus
1206 1991 1383 2055 Hiller)

255 2064 349 2124 45,
402 2071 431 2114 4
468 2067 729 2113 consularis
770 2073 816 2112 et
851 2067 1139 2126 triumphalis
1181 2059 1190 2130 Ι
1233 2071 1261 2115 6
1294 2066 1384 2111 alia
1424 2065 1598 2110 affuere
1623 2064 1668 2109 R
1711 2063 1718 2128 Ι
1765 2069 1821 2112 12
1880 2083 1885 2086 ·

115 2136 262 2182 famae
289 2150 528 2194 numquam
557 2137 795 2195 pepercit,
830 2137 1021 2183 maritos
1062 2141 1106 2180 et
1141 2136 1378 2181 adulteros
1406 2147 1495 2180 non
1529 2133 1819 2192 distinguens

114 2219 268 2263 neque
303 2206 394 2250 adf.
434 2220 473 2251 s.
514 2210 590 2251 aut
627 2220 666 2251 a.
705 2206 935 2253 obnoxia:
973 2206 1094 2250 unde
1131 2210 1210 2250 etc.
1246 2206 1293 2248 in
1329 2204 1430 2247 edd.
1465 2205 1714 2248 novissimis
1751 2203 1818 2246 di-

112 2276 371 2333 stinquilur.
405 2269 412 2337 Ι
446 2281 499 2322 15
521 2277 636 2319 sitne
659 2277 706 2319 in
731 2274 853 2320 Med,
883 2275 993 2320 rufii
1018 2288 1079 2319 cm
1106 2273 1220 2319 rufri
1258 2271 1311 2334 (i.
1337 2285 1374 2317 e.
1401 2267 1578 2331 Rufrii)
1605 2273 1830 2317 Baiterus

114 2344 391 2402 dislinyuere
413 2357 504 2388 non
518 2346 669 2401 potuit
680 2363 695 2393 ;
722 2343 835 2389 Rufii
860 2345 960 2388 edd.
988 2349 1036 2388 at
1058 2359 1100 2389 v.
1126 2344 1191 2387 ad
1214 2347 1294 2399 12,
1323 2346 1380 2388 42
1411 2334 1420 2405 Ι
1454 2346 1508 2390 16
1534 2340 1736 2401 Crispini
1755 2341 1818 2386 L.-

117 2427 210 2459 cris
247 2428 262 2458 1
824 2443 825 2446 η

215 2427 360 2539 Ρ46,
401 2487 429 2530 3
471 2481 732 2540 potirentur
782 2476 789 2544 Ι
833 2495 887 2527 ea
922 2475 1141 2544 diceret}
1184 2488 1210 2529 5
1245 2495 1297 2526 se
1326 2481 1508 2539 quidem
1555 2480 1634 2524 W:
1673 2493 1817 2537 seque

116 2550 194 2612 (se
223 2554 299 2606 al„
327 2565 433 2597 sese
461 2547 533 2611 N)
576 2544 583 2614 Ι
625 2550 716 2596 sihi
743 2551 807 2596 L.-
845 2551 923 2596 ubi
961 2547 1063 2610 (uni
1088 2551 1153 2607 A,
1189 2550 1255 2596 ibi
1284 2547 1374 2611 al.)
1417 2548 1424 2608 Ι
1468 2549 1685 2595 dictitans
1710 2549 1814 2592 Aci-

115 2621 234 2666 dalio
259 2623 410 2681 ylossa
432 2620 669 2666 videbatur
702 2618 708 2678 Ι
741 2626 767 2669 9
797 2635 849 2666 se
877 2626 947 2665 et:
979 2625 1052 2665 set
1084 2615 1091 2682 Ι
1126 2625 1178 2667 12
1207 2620 1419 2666 omittere
1444 2620 1505 2662 al.
1541 2611 1549 2680 Ι
1581 2625 1634 2666 15
1664 2613 1817 2676 pelice

116 2687 284 2735 ancilla
306 2695 351 2735 et
378 2686 682 2736 adsuetudine
707 2686 818 2750 (per
836 2704 881 2749 p.
912 2704 952 2735 a.
984 2694 1030 2734 et
1053 2690 1400 2735 adsuetudinem
1427 2683 1511 2747 W)
1545 2682 1551 2749 Ι
1585 2691 1641 2734 18
1664 2699 1816 2731 aemu-

115 2759 187 2805 lus
215 2759 399 2805 Grotius
432 2754 439 2822 Ι
472 2765 669 2817 angeret
695 2759 767 2814 H,
793 2765 841 2804 at
864 2774 905 2804 υ.
931 2759 979 2804 Ν
999 2759 1061 2802 ad
1089 2765 1142 2807 13
1159 2764 1254 2823 „14

255 2827 350 2885 47,
387 2835 413 2875 5
445 2830 651 2886 abusque
676 2828 739 2872 L.-
781 2842 1017 2886 auousque
1051 2824 1057 2891 Ι
1089 2833 1113 2876 7
1143 2828 1452 2884 uentabatque
1485 2819 1493 2888 Ι
1533 2830 1560 2873 9
1588 2824 1683 2869 fato
1715 2823 1816 2883 qui-

117 2897 215 2944 euit
239 2903 336 2943 atas
373 2890 380 2959 Ι
414 2902 466 2943 12
496 2898 743 2941 iuvenilem
771 2900 831 2941 al.
866 2892 873 2945 Ι
909 2905 960 2944 15
990 2897 1187 2955 proinde
