1976 3224
695 201 807 238 ΜΒ.
829 201 912 238 ΠΙ.
943 199 1066 238 CAP.
1089 197 1288 246 49—53.
1737 188 1829 238 101

161 344 257 380 non
285 331 471 378 senatui
497 329 698 378 libertas
726 330 784 379 ad
812 327 1147 392 paenitendum
1175 334 1304 387 erat,
1331 341 1490 389 neque
1518 326 1738 376 Tiberius
1764 329 1878 376 in-lo

161 401 370 449 teriectu
397 395 631 463 temporis
664 399 982 461 mitigabatur.

268 469 351 517 52.
405 466 457 517 C.
498 469 740 532 Sulpicius
776 467 835 516 D.
883 466 1107 515 Haterius
1157 466 1387 532 consules
1433 474 1724 529 sequuntur,
1766 468 1834 516 in·

161 539 379 588 turbidus
410 539 624 587 externis
650 538 795 586 rebus
826 552 1003 598 annuS,
1045 537 1170 585 domi
1210 542 1437 598 suspecta
1466 537 1727 585 severitate
1755 538 1835 587 ad-

160 623 361 662 versum
379 608 559 670 luxum,
588 609 667 672 qui
698 609 961 655 inmensum
985 613 1276 671 proruperat
1313 604 1371 653 ad
1411 613 1581 654 cuncta
1609 608 1715 669 quis
1750 622 1834 671 pe-

162 680 299 728 cunia
325 678 611 741 prodigitur.
656 677 744 725 sed
773 677 866 726 alia
895 684 1179 741 sumptuum,
1210 675 1427 739 quamvis
1454 676 1710 738 graviora,
1740 677 1834 725 dis-

161 747 391 796 simulatis
419 748 704 811 plerumque
735 748 903 810 pretiis
934 746 1326 800 occultabantur;
1370 747 1551 793 ventris
1579 753 1626 794 et
1647 760 1835 808 ganeae
1859 754 1879 786 5

158 824 356 883 paratus
383 816 593 866 adsiduis
621 817 1136 879 sermonibuslvulgati
1164 816 1385 864 fecerant
1414 830 1593 876 curam,
1622 831 1684 864 ne
1709 818 1835 880 prin-

162 902 280 952 ceps
309 887 532 953 antiquae
561 887 882 950 parsimoniae
905 886 1068 934 durius
1093 886 1386 934 adverteret.
1440 900 1546 933 nam
1573 886 1836 949 incipiente

161 955 214 1006 G.
254 956 425 1005 Bibulo
468 958 619 1006 ceteri
661 971 855 1021 quoque
891 956 1076 1005 aediles
1112 956 1465 1017 disseruerant,
1507 957 1673 1018 sperni
1711 972 1834 1013 sum-

158 1028 391 1092 ptuariam
431 1027 592 1090 legem
627 1028 873 1089 vetitaque
915 1021 1186 1074 utensilium
1230 1025 1385 1089 pretia
1422 1026 1590 1087 augeri
1628 1026 1673 1072 in
1710 1027 1832 1089 dieS,

156 1111 251 1145 nec
285 1096 611 1145 mediocribus
651 1096 878 1144 remediis
905 1097 1008 1143 sisti
1033 1110 1198 1159 posse.
1257 1102 1304 1143 et
1333 1095 1541 1143 consulti
1570 1103 1734 1159 patres
1765 1099 1831 1145 in-
1854 1100 1892 1133 ¹⁰

157 1174 346 1229 tegrum
383 1166 431 1214 id
466 1167 711 1229 negotium
749 1165 808 1214 ad
835 1165 1103 1229 principem
1137 1165 1437 1214 distulerant.
1488 1165 1577 1214 sed
1613 1165 1834 1215 Tiberius

159 1251 310 1299 saepe
339 1235 465 1299 apud
491 1251 546 1284 se
573 1237 832 1300 pensitato,
863 1250 922 1283 an
952 1236 1173 1284 coerceri
1202 1242 1295 1283 tam
1323 1234 1555 1299 profusae
1585 1236 1834 1299 cupidines

158 1312 385 1370 possent,
423 1320 531 1353 num
566 1306 799 1354 coercitio
838 1305 946 1369 plus
984 1305 1139 1354 damni
1175 1306 1222 1353 in
1258 1320 1360 1352 rem
1395 1304 1635 1368 publicam
1661 1305 1833 1367 ferret,

160 1390 299 1439 quam
325 1375 606 1425 indecorum
634 1376 909 1424 adtrectare
937 1376 1064 1438 quod
1099 1389 1194 1423 non
1226 1374 1469 1423 obtineret
1492 1375 1573 1423 vel
1598 1382 1835 1424 retentum
1863 1419 1887 1425 -

156 1445 462 1508 ignominiam
499 1452 548 1493 et
590 1446 827 1494 infamiam
867 1446 1077 1494 virorum
1123 1446 1389 1494 inlustrium
1439 1452 1695 1508 posceret,
1747 1461 1832 1510 po·
1855 1446 1893 1479 ¹⁵

158 1523 336 1563 stremo
374 1515 540 1563 literas
584 1515 643 1564 ad
679 1522 895 1564 senatum
934 1516 1232 1580 composuit,
1273 1530 1471 1579 quarum
1517 1517 1753 1565 sententia
1790 1517 1834 1566 in

156 1585 282 1633 hunc
305 1585 496 1633 modum
522 1583 623 1633 fuit.
752 1592 754 1594 ’

262 1655 344 1704 53.
385 1652 599 1703 ‘Ceteris
638 1655 839 1703 forsitan
874 1656 920 1703 in
955 1655 1130 1717 rebuS,
1172 1662 1338 1719 patres
1367 1656 1653 1719 conscripti,
1681 1657 1834 1719 magis

89 1783 97 1787 ‚
158 1724 387 1788 expediat
424 1740 500 1773 me
539 1739 701 1785 coram
736 1726 1025 1789 interrogari
1067 1732 1114 1772 et
1151 1725 1316 1774 dicere
1347 1725 1459 1788 quid
1497 1740 1522 1773 e
1547 1741 1601 1774 re
1639 1725 1835 1790 publica

159 1807 411 1843 censeam:
450 1795 497 1842 in
522 1794 614 1843 hac
647 1795 886 1844 relatione
922 1794 1138 1843 subtrahi
1166 1795 1339 1844 oculos
1364 1809 1500 1843 meos
1529 1796 1700 1844 melius
1730 1796 1834 1858 fuit,

156 1878 217 1912 ne
258 1863 595 1912 denotantibus
642 1864 785 1912 vobis
830 1880 913 1913 ora
954 1880 1011 1914 ac
1048 1873 1223 1913 metum
1264 1865 1587 1928 singulorum,
1631 1866 1711 1931 qui
1751 1881 1834 1929 pu·

157 1933 301 1981 dendi
341 1933 481 1981 luxus
520 1941 868 1996 arguerentur,
920 1936 1028 1998 ipse
1060 1935 1201 1983 etiam
1236 1935 1452 1984 viderem
1491 1950 1579 1983 eos
1611 1951 1669 1984 ac
1705 1936 1880 1984 velut5

158 2002 529 2067 deprenderem.
581 2003 708 2067 quod
733 2004 773 2051 si
799 2019 986 2053 mecum
1015 2011 1123 2052 ante
1144 2006 1232 2052 viri
1261 2005 1458 2065 strenui,
1487 2005 1692 2066 aedileS,
1723 2019 1835 2052 con-

159 2073 314 2121 silium
340 2072 648 2134 habuissent,
676 2075 845 2122 nescio
877 2089 935 2123 an
964 2089 1193 2122 suasurus
1223 2074 1394 2123 fuerim
1423 2075 1644 2123 omittere
1676 2075 1837 2137 potius

150 2142 439 2209 ‚praevalida
468 2151 515 2191 et
545 2143 706 2192 adulta
731 2143 845 2192 vitia
873 2159 1011 2208 quam
1038 2143 1132 2192 hoc
1156 2143 1383 2209 adsequi,
1425 2151 1476 2191 ut
1514 2143 1671 2206 palam
1698 2144 1838 2192 fieret

159 2213 330 2277 quibus
376 2212 571 2275 flagitiis
622 2214 831 2277 impares
882 2229 1115 2262 essemus.
1183 2215 1270 2263 sed
1308 2215 1377 2262 illi
1430 2214 1622 2278 quidem
1671 2213 1844 2262 officio

156 2282 306 2330 functi
334 2290 457 2347 sunt,
488 2290 538 2331 ut
567 2290 760 2331 ceteros
786 2299 980 2347 quoque
1004 2284 1311 2347 magistratus
1337 2300 1422 2334 sua
1448 2284 1602 2331 munia
1630 2284 1834 2348 implere
1857 2288 1896 2322 1⁰

157 2352 304 2400 velim
319 2370 343 2400 .·-«
356 2351 469 2400 mihi
496 2360 653 2407 autem
681 2368 839 2417 neque
866 2353 1119 2413 honestum
1147 2354 1296 2403 silere
1322 2369 1483 2420 neque
1503 2354 1730 2418 proloqui
1754 2369 1835 2402 ex·

157 2421 397 2485 peditum,
441 2423 549 2485 quia
585 2436 680 2470 non
718 2423 887 2471 aedilis
930 2431 1010 2472 aut
1043 2426 1285 2488 praetoris
1323 2433 1402 2473 aut
1442 2423 1654 2472 consulis
1687 2423 1838 2486 partis

159 2492 393 2539 sustine0.
450 2493 598 2540 maius
638 2492 816 2556 aliquid
854 2501 902 2541 et
932 2494 1177 2543 excelsius
1215 2509 1240 2543 a
1279 2496 1498 2558 principe
1539 2492 1836 2555 postulatur;

95 2614 99 2617 ,
160 2567 208 2608 et
246 2575 351 2609 cum
388 2569 524 2609 recte
563 2561 800 2610 factorum
838 2562 929 2611 sibi
961 2565 1165 2627 quisque
1205 2566 1408 2626 gratiam
1439 2562 1654 2623 trahant,
1701 2562 1838 2609 unius

159 2630 333 2679 invidia
371 2630 430 2679 ab
470 2630 686 2678 omnibus
725 2640 972 2694 peccatur.
1031 2633 1143 2695 quid
1179 2634 1300 2680 enim
1336 2634 1534 2695 primum
1574 2630 1836 2694 prohibere
1856 2639 1897 2671 15

162 2706 210 2746 et
234 2701 443 2762 priscum
474 2700 530 2748 ad
558 2714 740 2748 morem
768 2701 990 2749 recidere
1019 2699 1311 2764 adgrediar?
1346 2702 1628 2758 villarumne
1659 2700 1838 2748 infinita

122 2820 129 2824 ,
165 2767 353 2830 spatia?
412 2770 693 2818 familiarum
743 2784 988 2818 numerum
1033 2778 1081 2818 et
1119 2769 1374 2819 nationes?
1420 2771 1606 2832 argenti
1645 2777 1692 2819 et
1737 2771 1838 2818 auri

161 2836 382 2899 pondus?
435 2840 563 2887 aeris
607 2837 972 2903 tabularumque
1010 2837 1273 2888 miracula?
1328 2841 1597 2904 promiscas
1634 2840 1748 2887 viris
1790 2846 1838 2886 et

162 2904 349 2954 feminis
384 2915 551 2956 vestes
593 2915 735 2971 atque
771 2908 850 2957 illa
896 2908 1171 2957 feminarum
1210 2911 1436 2974 propria,
1477 2910 1582 2972 quis
1627 2908 1838 2973 lapidum
