1976 3224
165 201 232 251 52
583 208 858 249 CORNELII
889 209 1085 247 TACITI
1111 207 1417 246 ANNALIUM

163 340 343 391 ciendis
389 341 604 405 coeptis,
643 339 799 387 acrius
840 337 1122 386 modestiam
1161 338 1263 385 eius
1317 336 1596 400 adgreditur
1643 335 1843 386 alterum

165 411 461 460 consulatum
502 407 777 471 offerendO,
828 409 960 457 cuius
997 408 1152 455 munia
1191 421 1424 471 praesens
1464 406 1636 455 obiret.
1707 405 1844 455 simul

165 479 481 542 adnectebat,
518 481 558 528 si
589 479 717 528 foret
753 478 905 526 adhuc
932 477 1233 538 bellandum,
1273 476 1572 540 relinqueret
1595 477 1845 525 materiem

163 551 304 600 Drusi
337 550 499 598 fratris
527 549 746 612 gloriae,
788 549 867 612 qui
892 547 1023 595 nullo
1052 554 1148 596 tum
1183 546 1278 595 alio
1305 546 1444 594 hoste
1473 561 1568 595 non
1600 546 1690 594 nisi
1717 545 1844 610 apud

107 633 150 665 20
168 619 445 669 Germanias
491 619 692 682 adsequi
743 632 919 666 nomen
962 617 1320 681 imperatorium
1356 623 1404 664 et
1444 615 1704 680 deportare
1745 616 1844 664 lau-

164 705 295 737 ream
334 697 520 753 posset.
586 687 713 736 haud
750 694 999 736 cunctatus
1037 692 1113 735 est
1148 686 1271 735 ultra
1305 686 1642 750 GermanicuS,
1681 700 1844 750 qua-m·

167 775 306 824 quam
342 759 458 821 fingi
496 773 554 807 ea
583 772 737 821 seque
776 773 865 822 per
887 756 1111 806 invidiam
1144 763 1283 821 parto
1312 757 1405 805 iam
1435 755 1603 806 decori
1631 755 1846 806 abstrahi

164 829 492 891 intellegeret.

272 899 356 946 27.
393 897 489 946 Sub
527 897 653 946 idem
686 905 874 961 tempus
914 913 940 945 e
978 897 1158 946 familia
1194 897 1556 947 Scriboniorum
1579 897 1698 947 Libo
1721 897 1843 946 Dru·

166 984 247 1018 sus
274 968 489 1017 defertur
513 967 669 1016 moliri
694 982 774 1015 res
801 982 969 1015 novas.
1019 968 1120 1016 eius
1148 969 1329 1030 negotii
1361 969 1565 1032 initium,
1607 967 1842 1031 ordinem,

165 1040 307 1088 finem
337 1039 545 1086 curatius
572 1037 827 1099 disseram,
859 1038 968 1101 quia
997 1038 1094 1085 tum
1129 1038 1331 1101 primum
1355 1046 1551 1103 reperta
1579 1045 1686 1086 sunt
1718 1053 1844 1102 quae

166 1124 256 1174 per
291 1115 361 1156 tot
388 1123 537 1156 annos
561 1122 663 1155 rem
690 1106 930 1171 publicam
958 1106 1187 1155 exedere.
1235 1106 1438 1156 Firmius
1462 1107 1607 1157 Catus
1627 1116 1842 1171 senator,

130 1194 230 1227 sex
264 1179 424 1227 intima
461 1177 655 1226 Libonis
692 1177 926 1240 amicitia,
974 1178 1196 1226 iuvenem
1226 1176 1528 1242 inprovidum
1567 1185 1615 1226 et
1648 1178 1845 1238 facilem

165 1248 383 1297 inanibus
411 1247 469 1296 ad
498 1245 849 1296 Chaldaeorum
873 1248 1135 1311 promissa,
1162 1261 1411 1310 magorum
1437 1263 1602 1311 sacra,
1633 1249 1842 1297 somnio-

165 1333 268 1367 rum
290 1320 431 1366 etiam
451 1319 743 1380 interpretes
764 1317 973 1381 impulit,
1005 1317 1113 1366 dum
1133 1332 1364 1382 proavum
1387 1318 1694 1382 Pompeium,
1728 1319 1841 1367 ami·

165 1396 260 1436 tam
279 1387 609 1449 Scriboniam,
639 1401 761 1450 quae
790 1387 1025 1451 quondam
1051 1387 1257 1451 Augusti
1286 1390 1495 1436 coniunx
1519 1388 1700 1452 fuerat,
1730 1402 1823 1436 con

166 1457 390 1506 sobrinos
423 1456 691 1519 Caesares,
723 1457 914 1521 plenam
943 1458 1229 1520 imaginibus
1255 1457 1443 1506 domum
1472 1465 1703 1522 ostentat,
1730 1457 1838 1506 hor-

109 1538 149 1570 10
167 1535 387 1591 taturque
416 1527 475 1575 ad
499 1527 660 1575 luxum
690 1534 738 1575 et
761 1542 845 1576 aes
867 1527 1097 1591 alienum,
1126 1529 1288 1576 socius
1317 1527 1562 1577 libidinum
1592 1535 1640 1576 et
1667 1542 1859 1576 neces«

166 1599 375 1659 sitatum,
406 1612 499 1661 quo
522 1596 740 1661 pluribus
767 1597 953 1646 indiciis
980 1598 1217 1661 inligaret.

306 1666 388 1716 28.
429 1668 492 1716 Ut
531 1668 646 1715 satis
682 1669 872 1716 testium
901 1676 947 1716 et
974 1670 1050 1732 qui
1079 1670 1207 1717 servi
1243 1668 1408 1717 eadem
1439 1675 1700 1717 noscerent
1729 1683 1840 1733 rep-

165 1737 313 1802 perit,
356 1735 530 1784 aditum
557 1736 616 1784 ad
637 1739 906 1801 principem
933 1738 1171 1802 postulat,
1209 1738 1535 1787 demonstrato
1569 1738 1764 1788 crimine
1793 1745 1843 1786 et

165 1821 253 1855 reo
283 1821 371 1871 per
391 1805 618 1854 Flaccum
638 1806 973 1855 Vescularium
994 1809 1201 1872 equitem
1223 1809 1512 1871 Romanum,
1540 1809 1615 1858 cui
1636 1809 1841 1873 propior

167 1891 271 1924 cum
309 1876 503 1924 Tiberio
545 1891 656 1924 usus
695 1885 814 1925 erat.
896 1876 1078 1926 Caesar
1112 1878 1334 1926 indicium
1381 1878 1506 1937 haud
1552 1885 1840 1943 aspernatus

123 1962 142 1993 5
169 1961 464 2009 congressus
514 1945 697 1995 abnuit:
747 1961 895 2011 posse
945 1949 1067 1995 enim
1109 1948 1281 1996 eodem
1318 1947 1499 1998 Flacco
1548 1948 1838 1997 internuntio

167 2030 419 2064 sermones
446 2030 732 2064 commeare.
792 2024 936 2081 atque
970 2019 1156 2066 interim
1180 2018 1410 2067 Libonem
1435 2026 1572 2067 ornat
1598 2025 1838 2083 praetura,

167 2086 471 2134 convictibus
495 2085 714 2148 adhibet,
742 2101 836 2135 non
864 2087 993 2135 vultu
1020 2087 1280 2150 alienatus,
1314 2103 1410 2136 non
1439 2087 1603 2136 verbis
1630 2101 1836 2136 commo-

164 2157 259 2203 tior
299 2156 448 2220 (adeo
478 2157 594 2204 iram
621 2155 952 2220 c'ondiderat);
998 2165 1264 2222 cunctaque
1303 2159 1404 2206 eius
1441 2157 1568 2206 dicta
1594 2157 1836 2220 factaque,

168 2239 272 2272 cum
310 2225 572 2289 prohibere
597 2234 793 2290 posset,
832 2229 960 2275 scire
987 2226 1224 2289 malebat,
1266 2227 1424 2276 donec
1448 2226 1606 2275 Iunius
1632 2226 1835 2290 quidam,

108 2309 149 2340 10
165 2301 421 2357 temptatus
459 2303 507 2343 ut
545 2295 756 2344 infernas
795 2296 986 2344 umbras
1013 2297 1298 2345 carminibus
1333 2297 1560 2359 eliceret,
1598 2295 1657 2344 ad
1681 2296 1836 2345 Fulci-

163 2364 291 2411 nium
328 2364 552 2412 Trionem
602 2365 822 2413 indicium
871 2366 1052 2414 detulit.
1127 2362 1322 2414 celebre
1361 2368 1486 2414 inter
1522 2373 1835 2415 accusatores

164 2432 355 2481 Trionis
382 2435 624 2496 ingenium
652 2442 753 2482 erat
777 2435 1061 2499 avidumque
1086 2436 1240 2484 famae
1266 2435 1436 2485 malae.
1495 2437 1652 2484 statim
1685 2437 1834 2484 corri-

163 2504 235 2566 pit
260 2518 418 2565 reum,
462 2503 557 2551 adit
584 2504 838 2567 consuleS,
878 2506 1203 2567 cognitionem
1230 2513 1423 2555 senatus
1448 2506 1623 2570 poscit.
1676 2513 1723 2554 et
1750 2520 1833 2554 vo·

164 2580 330 2621 cantur
350 2580 537 2637 patreS,
566 2572 726 2621 addito
749 2574 1109 2623 consultandum
1136 2590 1283 2639 super
1308 2590 1362 2624 re
1388 2590 1562 2639 magna
1591 2582 1639 2623 et
1661 2577 1832 2624 atroci.

219 2684 225 2689 .
262 2642 344 2690 29.
387 2642 504 2691 Libo
541 2643 730 2691 interim
762 2651 901 2692 veste
941 2652 1115 2694 mutata
1155 2660 1260 2693 cum
1315 2644 1602 2710 primoribus
1645 2645 1833 2694 feminis

162 2710 413 2760 circumire
452 2712 650 2776 domOS,
696 2727 837 2762 orare
873 2713 1087 2778 adfineS,
1133 2728 1307 2764 vocem
1333 2715 1583 2765 adversum
1617 2715 1833 2779 pericula

160 2793 397 2842 poscere,
447 2781 763 2831 abnuentibus
812 2786 1025 2848 cunctis,
1075 2799 1181 2833 cum
1213 2785 1405 2834 diversa
1440 2784 1829 2848 praetenderent,

161 2848 327 2896 eadem
370 2851 640 2899 formidine.
719 2853 796 2901 die
834 2861 1027 2902 senatus
1064 2861 1192 2902 metu
1229 2861 1278 2903 et
1303 2853 1610 2917 ‚aegritudine
1649 2854 1830 2918 fessuS‚

118 2937 137 2967 ε,
160 2919 289 2980 sive,
320 2925 369 2966 ut
390 2919 630 2968 tradidere
653 2922 867 2986 quidam,
894 2923 1111 2972 simulato
1138 2924 1336 2986 morbo,
1363 2924 1538 2973 lectica
1558 2923 1742 2975 delatus
1772 2924 1832 2974 ad
