2008 3230
203 223 270 273 36
486 260 488 262 ι
633 230 909 269 CORNELII
930 228 1126 267 TAcrm
1147 227 1455 266 ANNALIUM

309 360 391 409 72.
431 359 639 408 Decreta
683 374 743 408 eo
781 374 903 408 anno
941 357 1244 422 triumphalia
1280 356 1486 418 insignia
1522 353 1582 403 A.
1623 353 1882 420 Caecinae,

199 431 250 480 L.
280 430 516 494 Apronio,
548 427 603 477 C.
633 429 752 478 Silio
789 429 851 478 ob
888 444 968 477 res
1002 444 1107 477 cum
1144 427 1429 477 Germanico
1471 432 1653 488 gestaS.
1708 439 1882 474 nomen

185 501 351 566 'patris
379 501 564 563 patriae
596 498 841 562 TiberiuS,
871 514 897 548 a
918 499 1102 563 populo
1131 498 1324 561 saepius
1360 497 1623 559 ingestum,
1657 495 1880 560 repudia-

201 571 292 626 vit;
323 585 480 633 neque
511 571 559 616 in
585 577 693 618 acta
720 585 804 618 sua
830 571 977 617 iurari
1006 582 1290 633 quamquam
1323 573 1553 614 censente
1576 573 1745 614 senatu
1771 580 1881 630 per-

166 641 344 702 smisit,
375 646 545 688 cuncta
568 639 840 687 mortalium
867 640 1080 702 incerta,
1118 644 1392 702 quantoque
1420 635 1528 700 plus
1566 635 1768 700 adeptus
1809 635 1881 685 fo·

188 717 302 772 ret,
330 717 461 758 tanto
504 723 559 757 se
604 710 759 772 magis
803 711 849 757 in
891 708 1082 757 lubrico
1127 708 1366 756 dictitans.
1431 720 1528 754 non
1570 713 1728 755 tamen
1768 705 1880 754 ideo

192 776 413 828 'faciebat
441 778 583 827 fidem
612 779 770 827 civilis
795 780 936 828 animi
951 798 961 836 ;
991 794 1098 828 nam
1126 778 1287 841 legem
1312 777 1576 826 maiestatis
1600 775 1880 838 reduxerat,

204 851 278 898 cui
303 864 477 898 nomen
504 849 629 914 apud
649 856 845 898 veteres
865 849 1007 913 idem,
1038 848 1125 897 sed
1150 848 1241 897 alia
1265 849 1313 896 in
1347 845 1882 908 iudicium-veniebant,

203 920 243 968 si
273 921 380 984 quis
406 919 680 984 proditione
711 921 977 968 exercitum
999 926 1076 967 aut
1095 918 1290 983 plebem
1317 917 1652 981 seditionibus,
1675 916 1884 980 denique

147 1000 186 1033 10
201 989 326 1038 male
354 997 494 1052 gesta
528 1004 584 1038 re
621 989 816 1054 publica
851 992 1148 1039 maiestatem
1182 988 1349 1054 populi
1377 987 1581 1037 Romani
1610 988 1882 1036 minuisset:

201 1060 330 1128 facta
358 1059 699 1123 arguebantur,
729 1060 857 1109 dicta
880 1062 1059 1124 inpune
1081 1067 1231 1109 erant.
1279 1061 1457 1123 primus
1486 1058 1734 1122 Augustus
1761 1072 1881 1121 cog-

187 1130 433 1178 ·nitionem
468 1129 528 1178 de
554 1130 755 1179 famosis
782 1130 962 1179 libellis
992 1132 1160 1195 specie
1187 1129 1316 1192 legis
1346 1131 1448 1178 eius
1479 1129 1717 1191 tractavit,
1754 1143 1882 1176 com-

201 1207 358 1248 motus
390 1198 546 1248 Cassii
571 1201 743 1249 Severi
769 1201 991 1264 libidine,
1024 1215 1117 1265 qua
1150 1200 1284 1248 viros
1323 1195 1622 1264 feminasQue
1656 1198 1885 1247 inlustres

203 1269 495 1334 procacibus
518 1272 713 1335 scriptis
742 1271 1100 1327 diffamaverat;
1140 1284 1256 1318 mox
1291 1269 1541 1333 TiberiuS,
1583 1268 1883 1318 consultante

146 1350 186 1383 15
207 1336 440 1403 Pompeio
471 1340 637 1389 Macro
665 1348 923 1405 praetore,
962 1357 1020 1390 an
1060 1340 1235 1389 iudicia
1261 1340 1524 1389 maiestatis
1550 1338 1884 1401 redderentur,

204 1409 503 1458 exercendas
538 1410 680 1473 leges
719 1427 831 1460 esse
864 1410 1159 1474 respondit.'
1195 1409 1322 1459 hunc
1359 1424 1552 1474 quoque
1586 1423 1885 1475 asperavere

205 1481 410 1529 carmina
431 1482 631 1529 incertis
652 1480 929 1530 auctoribus
957 1480 1151 1544 vulgata
1176 1480 1223 1528 in
1243 1480 1489 1529 saevitiam
1511 1479 1885 1545 superbiamque

203 1550 306 1597 eius
335 1557 384 1598 et
413 1549 689 1599 discordem
719 1566 823 1600 cum
854 1558 1006 1600 matre
1034 1551 1253 1600 animum.

137 1618 146 1623 “
308 1620 391 1670 73.
429 1620 567 1669 Haud
596 1621 782 1685 pigebit
807 1621 997 1670 referre
1031 1622 1078 1670 in
1105 1619 1305 1669 Falanio
1342 1626 1390 1668 et
1426 1617 1644 1682 Rubrio,
1679 1617 1884 1667 modicis

202 1689 439 1752 equitibus
474 1691 732 1754 RomaniS,
788 1697 1139 1756 praetemptata
1176 1690 1393 1752 crimina,
1427 1697 1476 1737 ut
1511 1689 1681 1754 quibus
1719 1689 1883 1752 initiis,

202 1766 375 1823 quanta
403 1759 585 1808 Tiberii
611 1768 712 1809 arte
740 1760 1078 1824 gravissimum
1106 1760 1300 1808 exitium
1339 1761 1629 1824 inrepserit,
1666 1759 1777 1808 dein
1807 1773 1883 1807 re-

199 1844 421 1892 pressum
448 1831 537 1892 sit,
569 1838 817 1894 postremo
846 1832 1020 1879 arserit
1055 1837 1323 1894 cunctaque
1361 1830 1674 1894 corripuerit,
1711 1841 1883 1877 nosca-

162 1910 181 1943 5
203 1906 293 1947 tur.
337 1898 538 1948 Falanio
561 1900 807 1949 obiciebat
826 1907 1100 1962 accusator,
1123 1900 1248 1964 quod
1277 1902 1399 1948 inter
1421 1899 1636 1948 cultores
1657 1897 1882 1961 Augusti,

201 1970 280 2032 qui
304 1983 392 2032 per
418 1983 586 2018 omnes
609 1969 778 2019 domos
801 1972 847 2018 in
869 1970 1059 2019 modum
1082 1969 1403 2032 collegiorum
1429 1968 1744 2031 habebantur,
1766 1967 1882 2017 Cas·

201 2039 319 2086 sium
350 2039 586 2102 quendam
611 2041 799 2089 mimum
828 2055 1036 2104 corpore
1062 2039 1284 2089 infamem
1310 2039 1626 2103 adscivisset,
1656 2038 1883 2103 quodque

198 2108 409 2157 venditis
445 2109 600 2159 hortis
635 2117 837 2159 statuam
874 2110 1082 2172 Augusti
1123 2110 1263 2158 simul
1298 2110 1640 2174 mancipasset.
1695 2107 1881 2158 Rubrio

201 2179 384 2226 crimini
416 2178 616 2227 dabatur
641 2180 869 2229 violatum
896 2181 1110 2244 periurio
1151 2195 1323 2228 numen
1357 2179 1582 2242 Augusti.
1640 2193 1764 2243 quae
1802 2177 1883 2226 ubi

143 2260 183 2293 ιο
202 2246 396 2296 Tiberio
423 2257 640 2311 notuere,
669 2250 866 2314 scripsit
895 2249 1172 2299 consulibus
1198 2264 1294 2298 non
1321 2248 1432 2298 ideo
1475 2248 1721 2297 decretum
1757 2247 1883 2313 patri

199 2330 285 2364 suo
314 2317 518 2380 caelum,
545 2326 595 2366 ut
620 2319 666 2367 in
694 2321 958 2383 perniciem
987 2320 1157 2367 civium
1182 2320 1223 2366 is
1243 2319 1400 2367 honor
1423 2325 1712 2367 verteretur.
1763 2316 1880 2367 Cas-

199 2387 320 2434 sium
355 2385 636 2436 histrionem
673 2388 865 2437 solitum
905 2389 1029 2436 inter
1067 2388 1190 2436 alios
1236 2388 1451 2437 eiusdem
1487 2389 1602 2437 artis
1640 2388 1880 2436 interesse

198 2455 350 2519 ludis,
379 2471 502 2520 quos
528 2464 680 2506 mater
719 2473 804 2507 sua
840 2459 886 2506 in
922 2459 1200 2506 memoriam
1239 2458 1446 2521 Augusti
1482 2465 1749 2513 sacrasset:
1787 2470 1879 2504 nec

201 2532 369 2574 contra
395 2527 662 2590 religiones
689 2529 818 2590 fieri,
847 2527 976 2591 quod
1002 2527 1193 2589 effigies
1220 2529 1341 2591 eius,
1372 2535 1420 2577 ut
1442 2528 1534 2577 alia
1555 2529 1791 2576 numinum
1815 2526 1877 2574 si-

140 2603 181 2635 15
198 2595 436 2659 mulacra,
478 2597 832 2646 venditionibus
875 2597 1121 2646 hortorum
1161 2605 1208 2645 et
1245 2598 1463 2647 domuum
1498 2598 1743 2647 accedant.
1804 2597 1877 2644 ius

198 2665 442 2713 iurandum
492 2667 691 2731 perinde
729 2666 1071 2716 aestimandum
1115 2682 1255 2730 quam
1303 2669 1342 2716 si
1383 2667 1549 2716 Iovem
1589 2666 1873 2715 fefellissett

198 2733 395 2782 deorum
422 2738 618 2786 iniurias
645 2737 717 2785 dis
750 2753 910 2786 curae.

304 2806 387 2852 74.
423 2805 528 2854 Nec
569 2807 716 2854 multo
756 2814 868 2871 post
905 2806 1126 2855 Granium
1165 2807 1447 2856 Marcellum
1486 2814 1759 2870 praetorem
1796 2805 1871 2855 Bi-

197 2869 391 2931 thyniae
432 2883 660 2937 quaestor
693 2878 844 2940 ipsius
885 2875 1070 2937 Caepio
1110 2875 1359 2940 Crispinus
1405 2878 1669 2925 maiestatis
1709 2884 1872 2941 postu-

197 2939 327 3005 lavit,
365 2943 704 2993 subscribente
731 2947 947 2994 Romano
974 2945 1218 3010 Hispone:
1258 2948 1335 3009 qui
1362 2947 1561 2995 formam
1591 2947 1716 2995 vitae
1750 2947 1869 3008 iniit,
