<?xml version="1.0" encoding="UTF-8"?>
<!DOCTYPE html PUBLIC "-//W3C//DTD XHTML 1.0 Transitional//EN"
    "http://www.w3.org/TR/xhtml1/DTD/xhtml1-transitional.dtd">
<html xmlns="http://www.w3.org/1999/xhtml" xml:lang="en" lang="en">
 <head>
  <title>
</title>
<meta http-equiv="Content-Type" content="text/html;charset=utf-8" />
  <meta name='ocr-system' content='tesseract 3.04.00' />
  <meta name='ocr-capabilities' content='ocr_page ocr_carea ocr_par ocr_line ocrx_word'/>
</head>
<body>
  <div class='ocr_page' id='page_1' title='image "./libriquisupersun01taciuoft_0035.png"; bbox 0 0 1950 3210; ppageno 0'>
   <div class='ocr_carea' id='block_1_1' title="bbox 568 202 1794 241">
    <p class='ocr_par' dir='ltr' id='par_1_1' title="bbox 568 202 1794 241">
     <span class='ocr_line' id='line_1_1' title="bbox 568 202 1794 241; baseline -0.001 0"><span class='ocrx_word' id='word_1_1' title='bbox 568 202 1022 241; x_wconf 81' lang='lat' dir='ltr'>COMMENTARIUS</span> <span class='ocrx_word' id='word_1_2' title='bbox 1056 202 1335 241; x_wconf 85' lang='lat' dir='ltr'><strong>CRITICUS.</strong></span> <span class='ocrx_word' id='word_1_3' title='bbox 1652 202 1794 240; x_wconf 84' lang='lat' dir='ltr'>XXXI</span> 
     </span>
    </p>
   </div>
   <div class='ocr_carea' id='block_1_2' title="bbox 18 328 1797 394">
    <p class='ocr_par' dir='ltr' id='par_1_2' title="bbox 18 328 1797 394">
     <span class='ocr_line' id='line_1_2' title="bbox 18 328 1797 394; baseline -0.003 -11"><span class='ocrx_word' id='word_1_4' title='bbox 18 328 24 339; x_wconf 65' lang='grc'><em>’</em></span> <span class='ocrx_word' id='word_1_5' title='bbox 97 338 300 383; x_wconf 79' lang='lat' dir='ltr'><strong>similiter</strong></span> <span class='ocrx_word' id='word_1_6' title='bbox 332 337 379 381; x_wconf 84' lang='lat' dir='ltr'><strong>in</strong></span> <span class='ocrx_word' id='word_1_7' title='bbox 405 336 735 394; x_wconf 79' lang='lat' dir='ltr'><em>subscriptione</em></span> <span class='ocrx_word' id='word_1_8' title='bbox 769 334 874 379; x_wconf 83' lang='lat' dir='ltr'><strong><em>libri</em></strong></span> <span class='ocrx_word' id='word_1_9' title='bbox 899 333 1010 379; x_wconf 85' lang='lat' dir='ltr'><strong>XII</strong></span> <span class='ocrx_word' id='word_1_10' title='bbox 1040 335 1239 380; x_wconf 83' lang='lat' dir='ltr'><strong>additum</strong></span> <span class='ocrx_word' id='word_1_11' title='bbox 1268 341 1354 379; x_wconf 78' lang='lat' dir='ltr'><strong>est.-</strong></span> <span class='ocrx_word' id='word_1_12' title='bbox 1392 333 1514 379; x_wconf 87' lang='lat' dir='ltr'><strong>Nero</strong></span> <span class='ocrx_word' id='word_1_13' title='bbox 1546 334 1797 392; x_wconf 87' lang='lat' dir='ltr'><strong>imperator</strong></span> 
     </span>
    </p>
   </div>
   <div class='ocr_carea' id='block_1_3' title="bbox 99 401 1646 484">
    <p class='ocr_par' dir='ltr' id='par_1_3' title="bbox 99 401 1646 484">
     <span class='ocr_line' id='line_1_3' title="bbox 99 401 1646 484; baseline -0.004 -18"><span class='ocrx_word' id='word_1_14' title='bbox 99 420 315 466; x_wconf 83' lang='lat' dir='ltr'><strong>efficitur.</strong></span> <span class='ocrx_word' id='word_1_15' title='bbox 349 411 358 484; x_wconf 91' lang='grc' dir='ltr'>Ι</span> <span class='ocrx_word' id='word_1_16' title='bbox 394 418 597 464; x_wconf 88' lang='lat' dir='ltr'><strong>Cornelii</strong></span> <span class='ocrx_word' id='word_1_17' title='bbox 629 410 787 462; x_wconf 54' lang='lat' dir='ltr'><strong>Taciti*</strong></span> <span class='ocrx_word' id='word_1_18' title='bbox 805 417 928 462; x_wconf 89' lang='lat' dir='ltr'><strong>liber</strong></span> <span class='ocrx_word' id='word_1_19' title='bbox 954 417 1190 469; x_wconf 89' lang='lat' dir='ltr'><strong>undecim;</strong></span> <span class='ocrx_word' id='word_1_20' title='bbox 1225 401 1340 476; x_wconf 65' lang='grc' dir='ltr'><strong>Εἷῐῖ.</strong></span> <span class='ocrx_word' id='word_1_21' title='bbox 1373 402 1516 476; x_wconf 62' lang='lat' dir='ltr'><strong>lnci—p.</strong></span> <span class='ocrx_word' id='word_1_22' title='bbox 1546 416 1646 461; x_wconf 90' lang='lat' dir='ltr'><strong>XII.</strong></span> 
     </span>
    </p>
   </div>
   <div class='ocr_carea' id='block_1_4' title="bbox 760 566 1137 616">
    <p class='ocr_par' dir='ltr' id='par_1_4' title="bbox 760 566 1137 616">
     <span class='ocr_line' id='line_1_4' title="bbox 760 566 1137 616; baseline 0 -3"><span class='ocrx_word' id='word_1_23' title='bbox 760 566 974 616; x_wconf 81' lang='lat' dir='ltr'><strong>LIBER</strong></span> <span class='ocrx_word' id='word_1_24' title='bbox 1013 567 1137 614; x_wconf 90' lang='lat' dir='ltr'>XII.</span> 
     </span>
    </p>
   </div>
   <div class='ocr_carea' id='block_1_5' title="bbox 95 674 1806 2962">
    <p class='ocr_par' dir='ltr' id='par_1_5' title="bbox 97 674 1799 879">
     <span class='ocr_line' id='line_1_5' title="bbox 207 674 1794 745; baseline -0.001 -19"><span class='ocrx_word' id='word_1_25' title='bbox 207 704 209 706; x_wconf 31' lang='lat' dir='ltr'>v</span> <span class='ocrx_word' id='word_1_26' title='bbox 245 681 301 740; x_wconf 86' lang='lat'>1,</span> <span class='ocrx_word' id='word_1_27' title='bbox 337 688 366 731; x_wconf 82' lang='lat'><strong>3</strong></span> <span class='ocrx_word' id='word_1_28' title='bbox 395 681 649 736; x_wconf 79' lang='lat' dir='ltr'><strong>intonanti,</strong></span> <span class='ocrx_word' id='word_1_29' title='bbox 693 693 776 724; x_wconf 86' lang='lat' dir='ltr'><strong>em.</strong></span> <span class='ocrx_word' id='word_1_30' title='bbox 814 681 857 725; x_wconf 93' lang='lat' dir='ltr'><em>P</em></span> <span class='ocrx_word' id='word_1_31' title='bbox 896 674 903 744; x_wconf 92' lang='grc' dir='ltr'>Ι</span> <span class='ocrx_word' id='word_1_32' title='bbox 947 680 1261 740; x_wconf 80' lang='lat' dir='ltr'>imperatoriis</span> <span class='ocrx_word' id='word_1_33' title='bbox 1305 679 1311 745; x_wconf 91' lang='grc' dir='ltr'>Ι</span> <span class='ocrx_word' id='word_1_34' title='bbox 1354 690 1380 730; x_wconf 83' lang='grc'>5</span> <span class='ocrx_word' id='word_1_35' title='bbox 1412 682 1714 727; x_wconf 80' lang='lat' dir='ltr'><strong>contenderet</strong></span> <span class='ocrx_word' id='word_1_36' title='bbox 1743 716 1752 725; x_wconf 93' lang='lat'><strong>.</strong></span> <span class='ocrx_word' id='word_1_37' title='bbox 1784 716 1794 726; x_wconf 91' lang='lat'><strong>.</strong></span> 
     </span>
     <span class='ocr_line' id='line_1_6' title="bbox 100 747 1799 814; baseline -0.001 -16"><span class='ocrx_word' id='word_1_38' title='bbox 100 757 355 798; x_wconf 79' lang='lat' dir='ltr'><strong>ostentaret</strong></span> <span class='ocrx_word' id='word_1_39' title='bbox 383 747 510 810; x_wconf 91' lang='lat' dir='ltr'><strong>(cum</strong></span> <span class='ocrx_word' id='word_1_40' title='bbox 539 763 666 795; x_wconf 89' lang='lat' dir='ltr'><strong>suam</strong></span> <span class='ocrx_word' id='word_1_41' title='bbox 697 784 706 793; x_wconf 94' lang='lat'><strong>.</strong></span> <span class='ocrx_word' id='word_1_42' title='bbox 741 784 751 794; x_wconf 92' lang='lat'><strong>.</strong></span> <span class='ocrx_word' id='word_1_43' title='bbox 783 751 1088 798; x_wconf 78' lang='lat' dir='ltr'><strong>contenderet</strong></span> <span class='ocrx_word' id='word_1_44' title='bbox 1115 784 1125 794; x_wconf 91' lang='lat'><strong>.</strong></span> <span class='ocrx_word' id='word_1_45' title='bbox 1159 786 1168 794; x_wconf 92' lang='lat'><strong>.</strong></span> <span class='ocrx_word' id='word_1_46' title='bbox 1200 757 1456 796; x_wconf 84' lang='lat' dir='ltr'><strong>ostentaret</strong></span> <span class='ocrx_word' id='word_1_47' title='bbox 1491 749 1582 811; x_wconf 90' lang='lat' dir='ltr'><strong>W)</strong></span> <span class='ocrx_word' id='word_1_48' title='bbox 1618 748 1624 814; x_wconf 92' lang='grc' dir='ltr'>Ι</span> <span class='ocrx_word' id='word_1_49' title='bbox 1659 751 1799 808; x_wconf 84' lang='lat' dir='ltr'><strong>digna</strong></span> 
     </span>
     <span class='ocr_line' id='line_1_7' title="bbox 97 817 788 879; baseline -0.006 -12"><span class='ocrx_word' id='word_1_50' title='bbox 97 822 137 867; x_wconf 89' lang='lat' dir='ltr'><em>L</em></span> <span class='ocrx_word' id='word_1_51' title='bbox 154 842 166 866; x_wconf 90' lang='lat'><strong>.·</strong></span> <span class='ocrx_word' id='word_1_52' title='bbox 191 822 376 879; x_wconf 83' lang='lat' dir='ltr'><strong>dignam</strong></span> <span class='ocrx_word' id='word_1_53' title='bbox 410 817 416 879; x_wconf 99' lang='grc' dir='ltr'>Ι</span> <span class='ocrx_word' id='word_1_54' title='bbox 451 826 506 867; x_wconf 89' lang='grc'><strong>10</strong></span> <span class='ocrx_word' id='word_1_55' title='bbox 532 833 706 878; x_wconf 90' lang='lat' dir='ltr'><strong>pronus</strong></span> <span class='ocrx_word' id='word_1_56' title='bbox 730 817 788 863; x_wconf 92' lang='lat' dir='ltr'><em>M</em></span> 
     </span>
    </p>

    <p class='ocr_par' dir='ltr' id='par_1_6' title="bbox 96 883 1799 1296">
     <span class='ocr_line' id='line_1_8' title="bbox 242 883 1795 953; baseline 0 -20"><span class='ocrx_word' id='word_1_57' title='bbox 242 885 302 947; x_wconf 84' lang='lat'>2,</span> <span class='ocrx_word' id='word_1_58' title='bbox 337 897 358 937; x_wconf 89' lang='lat'>1</span> <span class='ocrx_word' id='word_1_59' title='bbox 389 886 528 936; x_wconf 84' lang='lat' dir='ltr'><strong>filiam</strong></span> <span class='ocrx_word' id='word_1_60' title='bbox 554 901 835 933; x_wconf 87' lang='lat' dir='ltr'><strong>communem</strong></span> <span class='ocrx_word' id='word_1_61' title='bbox 861 888 917 933; x_wconf 90' lang='lat' dir='ltr'><em>M</em></span> <span class='ocrx_word' id='word_1_62' title='bbox 945 884 951 952; x_wconf 97' lang='grc' dir='ltr'>Ι</span> <span class='ocrx_word' id='word_1_63' title='bbox 983 894 1010 935; x_wconf 83' lang='lat'>2</span> <span class='ocrx_word' id='word_1_64' title='bbox 1035 890 1179 946; x_wconf 83' lang='lat' dir='ltr'><strong>nichil</strong></span> <span class='ocrx_word' id='word_1_65' title='bbox 1205 890 1510 948; x_wconf 78' lang='lat' dir='ltr'><strong>imperialibus</strong></span> <span class='ocrx_word' id='word_1_66' title='bbox 1545 883 1552 953; x_wconf 92' lang='grc' dir='ltr'>Ι</span> <span class='ocrx_word' id='word_1_67' title='bbox 1583 895 1613 937; x_wconf 99' lang='grc'>4</span> <span class='ocrx_word' id='word_1_68' title='bbox 1640 896 1685 935; x_wconf 86' lang='lat' dir='ltr'><strong>et</strong></span> <span class='ocrx_word' id='word_1_69' title='bbox 1709 904 1795 935; x_wconf 89' lang='lat' dir='ltr'><strong>om.</strong></span> 
     </span>
     <span class='ocr_line' id='line_1_9' title="bbox 96 951 1797 1022; baseline -0.001 -17"><span class='ocrx_word' id='word_1_70' title='bbox 96 962 218 1005; x_wconf 81' lang='lat' dir='ltr'><strong>initio</strong></span> <span class='ocrx_word' id='word_1_71' title='bbox 242 971 386 1006; x_wconf 83' lang='lat' dir='ltr'><strong>novae</strong></span> <span class='ocrx_word' id='word_1_72' title='bbox 406 959 612 1017; x_wconf 75' lang='lat' dir='ltr'><strong>payinae</strong></span> <span class='ocrx_word' id='word_1_73' title='bbox 644 951 651 1022; x_wconf 95' lang='grc' dir='ltr'>Ι</span> <span class='ocrx_word' id='word_1_74' title='bbox 683 965 709 1006; x_wconf 86' lang='grc'>5</span> <span class='ocrx_word' id='word_1_75' title='bbox 736 958 933 1011; x_wconf 88' lang='lat' dir='ltr'><strong>dissidio</strong></span> <span class='ocrx_word' id='word_1_76' title='bbox 967 952 973 1022; x_wconf 92' lang='grc' dir='ltr'>Ι</span> <span class='ocrx_word' id='word_1_77' title='bbox 1008 965 1058 1006; x_wconf 94' lang='grc'><strong>11</strong></span> <span class='ocrx_word' id='word_1_78' title='bbox 1086 959 1232 1004; x_wconf 86' lang='lat' dir='ltr'><strong>Iuliae</strong></span> <span class='ocrx_word' id='word_1_79' title='bbox 1256 959 1568 1017; x_wconf 88' lang='lat' dir='ltr'><strong>Claudiaeque</strong></span> <span class='ocrx_word' id='word_1_80' title='bbox 1598 959 1646 1004; x_wconf 79' lang='lat' dir='ltr'><em>F</em></span> <span class='ocrx_word' id='word_1_81' title='bbox 1664 965 1707 1004; x_wconf 87' lang='lat' dir='ltr'><strong>et</strong></span> <span class='ocrx_word' id='word_1_82' title='bbox 1725 960 1797 1008; x_wconf 75' lang='lat' dir='ltr'><strong>H.</strong></span> 
     </span>
     <span class='ocr_line' id='line_1_10' title="bbox 100 1026 1798 1087; baseline -0.001 -12"><span class='ocrx_word' id='word_1_83' title='bbox 100 1029 309 1076; x_wconf 82' lang='lat' dir='ltr'><strong>claudiae</strong></span> <span class='ocrx_word' id='word_1_84' title='bbox 339 1043 458 1087; x_wconf 88' lang='lat' dir='ltr'><strong>quae</strong></span> <span class='ocrx_word' id='word_1_85' title='bbox 492 1026 499 1085; x_wconf 93' lang='grc' dir='ltr'>Ι</span> <span class='ocrx_word' id='word_1_86' title='bbox 534 1028 820 1085; x_wconf 87' lang='lat' dir='ltr'><strong>coniungere</strong></span> <span class='ocrx_word' id='word_1_87' title='bbox 848 1027 899 1072; x_wconf 92' lang='lat' dir='ltr'><em>N</em></span> <span class='ocrx_word' id='word_1_88' title='bbox 918 1042 1021 1073; x_wconf 90' lang='lat' dir='ltr'><strong>cum</strong></span> <span class='ocrx_word' id='word_1_89' title='bbox 1046 1029 1111 1086; x_wconf 88' lang='lat' dir='ltr'><strong>F,</strong></span> <span class='ocrx_word' id='word_1_90' title='bbox 1142 1031 1208 1073; x_wconf 83' lang='lat' dir='ltr'><strong>sic</strong></span> <span class='ocrx_word' id='word_1_91' title='bbox 1237 1029 1539 1086; x_wconf 73' lang='lat' dir='ltr'><strong>distinyuens:</strong></span> <span class='ocrx_word' id='word_1_92' title='bbox 1569 1030 1798 1074; x_wconf 87' lang='lat' dir='ltr'><strong>traheret:</strong></span> 
     </span>
     <span class='ocr_line' id='line_1_11' title="bbox 99 1091 1799 1162; baseline -0.001 -17"><span class='ocrx_word' id='word_1_93' title='bbox 99 1099 285 1156; x_wconf 84' lang='lat' dir='ltr'><strong>dignum</strong></span> <span class='ocrx_word' id='word_1_94' title='bbox 309 1112 503 1157; x_wconf 89' lang='lat' dir='ltr'><strong>prorsus</strong></span> <span class='ocrx_word' id='word_1_95' title='bbox 525 1097 632 1156; x_wconf 87' lang='lat' dir='ltr'><strong>imp.</strong></span> <span class='ocrx_word' id='word_1_96' title='bbox 661 1097 844 1143; x_wconf 84' lang='lat' dir='ltr'><strong>fortuna</strong></span> <span class='ocrx_word' id='word_1_97' title='bbox 871 1098 1063 1157; x_wconf 90' lang='lat' dir='ltr'><strong>stirpem</strong></span> <span class='ocrx_word' id='word_1_98' title='bbox 1084 1136 1094 1145; x_wconf 90' lang='lat'><strong>.</strong></span> <span class='ocrx_word' id='word_1_99' title='bbox 1119 1133 1129 1142; x_wconf 91' lang='lat'><strong>.</strong></span> <span class='ocrx_word' id='word_1_100' title='bbox 1153 1098 1437 1156; x_wconf 82' lang='lat' dir='ltr'><strong>coniungere</strong></span> <span class='ocrx_word' id='word_1_101' title='bbox 1470 1091 1478 1162; x_wconf 93' lang='grc' dir='ltr'>Ι</span> <span class='ocrx_word' id='word_1_102' title='bbox 1511 1103 1567 1147; x_wconf 79' lang='lat'><strong>12</strong></span> <span class='ocrx_word' id='word_1_103' title='bbox 1588 1104 1799 1157; x_wconf 87' lang='lat' dir='ltr'><strong>experta,</strong></span> 
     </span>
     <span class='ocr_line' id='line_1_12' title="bbox 97 1166 1799 1227; baseline 0 -14"><span class='ocrx_word' id='word_1_104' title='bbox 97 1168 219 1227; x_wconf 80' lang='lat' dir='ltr'><strong>quod</strong></span> <span class='ocrx_word' id='word_1_105' title='bbox 252 1171 434 1212; x_wconf 79' lang='lat' dir='ltr'><strong>tuentur</strong></span> <span class='ocrx_word' id='word_1_106' title='bbox 468 1167 568 1212; x_wconf 83' lang='lat' dir='ltr'><strong>coll.</strong></span> <span class='ocrx_word' id='word_1_107' title='bbox 595 1166 714 1211; x_wconf 80' lang='lat' dir='ltr'><strong>Hisl.</strong></span> <span class='ocrx_word' id='word_1_108' title='bbox 743 1171 798 1223; x_wconf 90' lang='lat'>4,</span> <span class='ocrx_word' id='word_1_109' title='bbox 834 1171 861 1216; x_wconf 89' lang='lat'>7</span> <span class='ocrx_word' id='word_1_110' title='bbox 892 1172 1133 1227; x_wconf 88' lang='lat' dir='ltr'><strong>expertum</strong></span> <span class='ocrx_word' id='word_1_111' title='bbox 1159 1168 1300 1220; x_wconf 88' lang='lat' dir='ltr'><strong>helli;</strong></span> <span class='ocrx_word' id='word_1_112' title='bbox 1334 1169 1381 1212; x_wconf 84' lang='lat' dir='ltr'><strong>in</strong></span> <span class='ocrx_word' id='word_1_113' title='bbox 1409 1167 1495 1213; x_wconf 78' lang='lat' dir='ltr'><strong>hoc</strong></span> <span class='ocrx_word' id='word_1_114' title='bbox 1521 1173 1670 1213; x_wconf 82' lang='lat' dir='ltr'><strong>tamen</strong></span> <span class='ocrx_word' id='word_1_115' title='bbox 1704 1170 1799 1213; x_wconf 86' lang='lat' dir='ltr'><strong>loco</strong></span> 
     </span>
     <span class='ocr_line' id='line_1_13' title="bbox 99 1237 1110 1296; baseline 0.001 -15"><span class='ocrx_word' id='word_1_116' title='bbox 99 1237 280 1282; x_wconf 84' lang='lat' dir='ltr'><strong>diversa</strong></span> <span class='ocrx_word' id='word_1_117' title='bbox 305 1242 372 1282; x_wconf 82' lang='lat' dir='ltr'><strong>est</strong></span> <span class='ocrx_word' id='word_1_118' title='bbox 388 1241 595 1295; x_wconf 81' lang='lat' dir='ltr'><strong>potestas</strong></span> <span class='ocrx_word' id='word_1_119' title='bbox 606 1238 849 1294; x_wconf 82' lang='lat' dir='ltr'><strong>participii</strong></span> <span class='ocrx_word' id='word_1_120' title='bbox 873 1243 1110 1296; x_wconf 88' lang='lat' dir='ltr'><strong>expertus.</strong></span> 
     </span>
    </p>

    <p class='ocr_par' dir='ltr' id='par_1_7' title="bbox 97 1298 1805 1643">
     <span class='ocr_line' id='line_1_14' title="bbox 241 1298 1801 1371; baseline 0 -19"><span class='ocrx_word' id='word_1_121' title='bbox 241 1301 300 1363; x_wconf 88' lang='lat'>3,</span> <span class='ocrx_word' id='word_1_122' title='bbox 329 1311 351 1354; x_wconf 92' lang='lat'>1</span> <span class='ocrx_word' id='word_1_123' title='bbox 381 1320 498 1365; x_wconf 86' lang='lat' dir='ltr'><strong>quae</strong></span> <span class='ocrx_word' id='word_1_124' title='bbox 526 1319 613 1351; x_wconf 89' lang='lat' dir='ltr'><strong>om.</strong></span> <span class='ocrx_word' id='word_1_125' title='bbox 648 1298 657 1367; x_wconf 93' lang='grc' dir='ltr'>Ι</span> <span class='ocrx_word' id='word_1_126' title='bbox 687 1303 747 1362; x_wconf 88' lang='grc'><strong>4,</strong></span> <span class='ocrx_word' id='word_1_127' title='bbox 779 1310 809 1353; x_wconf 88' lang='lat'>4</span> <span class='ocrx_word' id='word_1_128' title='bbox 841 1306 916 1351; x_wconf 91' lang='lat' dir='ltr'><strong>cui</strong></span> <span class='ocrx_word' id='word_1_129' title='bbox 942 1320 1055 1353; x_wconf 86' lang='lat' dir='ltr'><strong>sane</strong></span> <span class='ocrx_word' id='word_1_130' title='bbox 1088 1324 1094 1371; x_wconf 74' lang='grc' dir='ltr'>Ι</span> <span class='ocrx_word' id='word_1_131' title='bbox 1128 1314 1153 1355; x_wconf 82' lang='grc'>5</span> <span class='ocrx_word' id='word_1_132' title='bbox 1181 1307 1396 1363; x_wconf 89' lang='lat' dir='ltr'><strong>multum,</strong></span> <span class='ocrx_word' id='word_1_133' title='bbox 1424 1318 1510 1351; x_wconf 87' lang='lat' dir='ltr'><strong>em.</strong></span> <span class='ocrx_word' id='word_1_134' title='bbox 1536 1306 1646 1352; x_wconf 87' lang='lat' dir='ltr'><strong>Hm.</strong></span> <span class='ocrx_word' id='word_1_135' title='bbox 1695 1307 1801 1352; x_wconf 82' lang='lat' dir='ltr'><strong>Non</strong></span> 
     </span>
     <span class='ocr_line' id='line_1_15' title="bbox 97 1375 1800 1436; baseline 0.001 -15"><span class='ocrx_word' id='word_1_136' title='bbox 97 1376 336 1421; x_wconf 63' lang='lat' dir='ltr'><strong>verisimile</strong></span> <span class='ocrx_word' id='word_1_137' title='bbox 371 1380 437 1420; x_wconf 80' lang='lat' dir='ltr'><strong>esc</strong></span> <span class='ocrx_word' id='word_1_138' title='bbox 469 1376 671 1420; x_wconf 85' lang='lat' dir='ltr'><strong>Tacitum</strong></span> <span class='ocrx_word' id='word_1_139' title='bbox 697 1375 783 1420; x_wconf 78' lang='lat' dir='ltr'><strong>hoc</strong></span> <span class='ocrx_word' id='word_1_140' title='bbox 811 1377 907 1421; x_wconf 89' lang='lat' dir='ltr'><strong>loco</strong></span> <span class='ocrx_word' id='word_1_141' title='bbox 937 1382 979 1421; x_wconf 82' lang='lat' dir='ltr'><strong>et</strong></span> <span class='ocrx_word' id='word_1_142' title='bbox 1009 1382 1058 1430; x_wconf 88' lang='lat'>5,</span> <span class='ocrx_word' id='word_1_143' title='bbox 1092 1380 1144 1434; x_wconf 87' lang='grc'><strong>3,</strong></span> <span class='ocrx_word' id='word_1_144' title='bbox 1175 1388 1307 1436; x_wconf 81' lang='lat' dir='ltr'><strong>quem</strong></span> <span class='ocrx_word' id='word_1_145' title='bbox 1335 1375 1555 1421; x_wconf 76' lang='lat' dir='ltr'><strong>Heinsius</strong></span> <span class='ocrx_word' id='word_1_146' title='bbox 1580 1379 1800 1434; x_wconf 78' lang='lat' dir='ltr'><strong>correxit,</strong></span> 
     </span>
     <span class='ocr_line' id='line_1_16' title="bbox 98 1443 1798 1508; baseline 0.001 -19"><span class='ocrx_word' id='word_1_147' title='bbox 98 1444 221 1491; x_wconf 86' lang='lat' dir='ltr'><strong>haud</strong></span> <span class='ocrx_word' id='word_1_148' title='bbox 244 1446 430 1492; x_wconf 87' lang='lat' dir='ltr'><strong>multum</strong></span> <span class='ocrx_word' id='word_1_149' title='bbox 466 1451 572 1491; x_wconf 87' lang='lat' dir='ltr'><strong>ante</strong></span> <span class='ocrx_word' id='word_1_150' title='bbox 608 1447 874 1508; x_wconf 77' lang='lat' dir='ltr'><strong>scripsisse,</strong></span> <span class='ocrx_word' id='word_1_151' title='bbox 910 1459 1012 1491; x_wconf 89' lang='lat' dir='ltr'><strong>cum</strong></span> <span class='ocrx_word' id='word_1_152' title='bbox 1039 1448 1156 1491; x_wconf 86' lang='lat' dir='ltr'><strong>alias</strong></span> <span class='ocrx_word' id='word_1_153' title='bbox 1179 1458 1356 1504; x_wconf 83' lang='lat' dir='ltr'><strong>semper</strong></span> <span class='ocrx_word' id='word_1_154' title='bbox 1384 1443 1515 1506; x_wconf 84' lang='lat' dir='ltr'><em>(nam</em></span> <span class='ocrx_word' id='word_1_155' title='bbox 1541 1448 1798 1492; x_wconf 83' lang='lat' dir='ltr'><strong>numeravi·</strong></span> 
     </span>
     <span class='ocr_line' id='line_1_17' title="bbox 98 1512 1805 1576; baseline 0.002 -18"><span class='ocrx_word' id='word_1_156' title='bbox 98 1526 199 1559; x_wconf 87' lang='lat' dir='ltr'><strong>mus</strong></span> <span class='ocrx_word' id='word_1_157' title='bbox 223 1514 288 1558; x_wconf 84' lang='lat' dir='ltr'><strong>ad</strong></span> <span class='ocrx_word' id='word_1_158' title='bbox 319 1517 381 1560; x_wconf 87' lang='lat'><strong>30</strong></span> <span class='ocrx_word' id='word_1_159' title='bbox 407 1512 552 1576; x_wconf 88' lang='lat' dir='ltr'><strong>locos)</strong></span> <span class='ocrx_word' id='word_1_160' title='bbox 580 1528 671 1560; x_wconf 89' lang='lat' dir='ltr'><strong>non</strong></span> <span class='ocrx_word' id='word_1_161' title='bbox 699 1512 872 1575; x_wconf 89' lang='lat' dir='ltr'><strong>(haud)</strong></span> <span class='ocrx_word' id='word_1_162' title='bbox 900 1517 1042 1562; x_wconf 89' lang='lat' dir='ltr'><strong>multo</strong></span> <span class='ocrx_word' id='word_1_163' title='bbox 1070 1521 1176 1562; x_wconf 89' lang='lat' dir='ltr'><strong>ante</strong></span> <span class='ocrx_word' id='word_1_164' title='bbox 1201 1513 1360 1576; x_wconf 91' lang='lat' dir='ltr'><strong>(post)</strong></span> <span class='ocrx_word' id='word_1_165' title='bbox 1387 1516 1646 1573; x_wconf 81' lang='lat' dir='ltr'><strong>scripserit,</strong></span> <span class='ocrx_word' id='word_1_166' title='bbox 1687 1521 1738 1561; x_wconf 86' lang='lat' dir='ltr'><strong>ut</strong></span> <span class='ocrx_word' id='word_1_167' title='bbox 1761 1521 1805 1561; x_wconf 86' lang='lat' dir='ltr'><strong>et</strong></span> 
     </span>
     <span class='ocr_line' id='line_1_18' title="bbox 98 1584 1048 1643; baseline 0.003 -15"><span class='ocrx_word' id='word_1_168' title='bbox 98 1585 254 1642; x_wconf 82' lang='lat' dir='ltr'><strong>optimi</strong></span> <span class='ocrx_word' id='word_1_169' title='bbox 275 1589 319 1629; x_wconf 83' lang='lat' dir='ltr'><strong>et</strong></span> <span class='ocrx_word' id='word_1_170' title='bbox 341 1584 591 1630; x_wconf 85' lang='lat' dir='ltr'><strong>deteriores</strong></span> <span class='ocrx_word' id='word_1_171' title='bbox 614 1586 866 1643; x_wconf 82' lang='lat' dir='ltr'><strong>scriptores</strong></span> <span class='ocrx_word' id='word_1_172' title='bbox 893 1587 1048 1632; x_wconf 79' lang='lat' dir='ltr'><strong>solent.</strong></span> 
     </span>
    </p>

    <p class='ocr_par' dir='ltr' id='par_1_8' title="bbox 97 1647 1801 1852">
     <span class='ocr_line' id='line_1_19' title="bbox 240 1647 1801 1719; baseline 0.002 -21"><span class='ocrx_word' id='word_1_173' title='bbox 240 1649 299 1711; x_wconf 90' lang='lat'><strong>5,</strong></span> <span class='ocrx_word' id='word_1_174' title='bbox 337 1660 361 1700; x_wconf 96' lang='lat'>1</span> <span class='ocrx_word' id='word_1_175' title='bbox 389 1654 579 1700; x_wconf 85' lang='lat' dir='ltr'><strong>uerania</strong></span> <span class='ocrx_word' id='word_1_176' title='bbox 622 1647 628 1717; x_wconf 93' lang='grc' dir='ltr'>Ι</span> <span class='ocrx_word' id='word_1_177' title='bbox 671 1658 699 1701; x_wconf 89' lang='grc'>4</span> <span class='ocrx_word' id='word_1_178' title='bbox 725 1654 817 1699; x_wconf 85' lang='lat' dir='ltr'><strong>filia</strong></span> <span class='ocrx_word' id='word_1_179' title='bbox 862 1647 868 1717; x_wconf 93' lang='grc' dir='ltr'>Ι</span> <span class='ocrx_word' id='word_1_180' title='bbox 911 1660 968 1704; x_wconf 89' lang='grc'><strong>14</strong></span> <span class='ocrx_word' id='word_1_181' title='bbox 996 1655 1256 1701; x_wconf 84' lang='lat' dir='ltr'><strong>Caesareae</strong></span> <span class='ocrx_word' id='word_1_182' title='bbox 1289 1654 1334 1699; x_wconf 90' lang='lat' dir='ltr'><em>P</em></span> <span class='ocrx_word' id='word_1_183' title='bbox 1362 1648 1369 1719; x_wconf 92' lang='grc' dir='ltr'>Ι</span> <span class='ocrx_word' id='word_1_184' title='bbox 1411 1662 1465 1703; x_wconf 91' lang='lat'><strong>15</strong></span> <span class='ocrx_word' id='word_1_185' title='bbox 1495 1656 1801 1701; x_wconf 86' lang='lat' dir='ltr'><strong>levamentum</strong></span> 
     </span>
     <span class='ocr_line' id='line_1_20' title="bbox 100 1721 1798 1785; baseline 0.002 -18"><span class='ocrx_word' id='word_1_186' title='bbox 100 1735 232 1780; x_wconf 89' lang='lat' dir='ltr'><strong>quam</strong></span> <span class='ocrx_word' id='word_1_187' title='bbox 272 1722 491 1769; x_wconf 85' lang='lat' dir='ltr'><strong>Petersen</strong></span> <span class='ocrx_word' id='word_1_188' title='bbox 533 1728 576 1767; x_wconf 80' lang='lat' dir='ltr'><strong>et</strong></span> <span class='ocrx_word' id='word_1_189' title='bbox 615 1726 706 1768; x_wconf 83' lang='lat' dir='ltr'><strong>iam</strong></span> <span class='ocrx_word' id='word_1_190' title='bbox 748 1724 804 1768; x_wconf 89' lang='lat' dir='ltr'><strong>P.</strong></span> <span class='ocrx_word' id='word_1_191' title='bbox 859 1724 1083 1770; x_wconf 78' lang='lat' dir='ltr'><strong>Victorius</strong></span> <span class='ocrx_word' id='word_1_192' title='bbox 1136 1721 1209 1785; x_wconf 86' lang='lat' dir='ltr'><strong>(in</strong></span> <span class='ocrx_word' id='word_1_193' title='bbox 1248 1725 1458 1782; x_wconf 80' lang='lat' dir='ltr'><strong>exemplo</strong></span> <span class='ocrx_word' id='word_1_194' title='bbox 1495 1724 1679 1770; x_wconf 82' lang='lat' dir='ltr'><strong>Monac.</strong></span> <span class='ocrx_word' id='word_1_195' title='bbox 1728 1727 1798 1771; x_wconf 84' lang='lat' dir='ltr'><strong>ed.</strong></span> 
     </span>
     <span class='ocr_line' id='line_1_21' title="bbox 97 1788 1022 1852; baseline 0.003 -17"><span class='ocrx_word' id='word_1_196' title='bbox 97 1788 375 1852; x_wconf 80' lang='lat' dir='ltr'><strong>Beroald.):</strong></span> <span class='ocrx_word' id='word_1_197' title='bbox 414 1794 623 1839; x_wconf 89' lang='lat' dir='ltr'><strong>leuamen</strong></span> <span class='ocrx_word' id='word_1_198' title='bbox 649 1807 844 1851; x_wconf 89' lang='lat' dir='ltr'><strong>unquam</strong></span> <span class='ocrx_word' id='word_1_199' title='bbox 1018 1819 1022 1822; x_wconf 95' lang='lat'><em>-</em></span> 
     </span>
    </p>

    <p class='ocr_par' dir='ltr' id='par_1_9' title="bbox 98 1855 1800 2066">
     <span class='ocr_line' id='line_1_22' title="bbox 240 1855 1800 1928; baseline 0.003 -22"><span class='ocrx_word' id='word_1_200' title='bbox 240 1857 301 1918; x_wconf 86' lang='lat'>6,</span> <span class='ocrx_word' id='word_1_201' title='bbox 337 1867 365 1910; x_wconf 84' lang='lat'><strong>9</strong></span> <span class='ocrx_word' id='word_1_202' title='bbox 392 1862 543 1920; x_wconf 86' lang='lat' dir='ltr'><strong>abripi</strong></span> <span class='ocrx_word' id='word_1_203' title='bbox 571 1861 658 1907; x_wconf 81' lang='lat' dir='ltr'><strong>Ri:</strong></span> <span class='ocrx_word' id='word_1_204' title='bbox 688 1862 831 1921; x_wconf 88' lang='lat' dir='ltr'><strong>arripi</strong></span> <span class='ocrx_word' id='word_1_205' title='bbox 864 1855 872 1924; x_wconf 94' lang='grc' dir='ltr'>Ι</span> <span class='ocrx_word' id='word_1_206' title='bbox 909 1869 959 1910; x_wconf 91' lang='grc'><strong>11</strong></span> <span class='ocrx_word' id='word_1_207' title='bbox 984 1875 1074 1920; x_wconf 92' lang='lat' dir='ltr'><strong>quo</strong></span> <span class='ocrx_word' id='word_1_208' title='bbox 1102 1864 1241 1908; x_wconf 87' lang='lat' dir='ltr'><strong>modo</strong></span> <span class='ocrx_word' id='word_1_209' title='bbox 1262 1863 1302 1908; x_wconf 86' lang='lat' dir='ltr'><em>L</em></span> <span class='ocrx_word' id='word_1_210' title='bbox 1327 1865 1523 1909; x_wconf 82' lang='lat' dir='ltr'><strong>malebat</strong></span> <span class='ocrx_word' id='word_1_211' title='bbox 1555 1861 1561 1928; x_wconf 92' lang='grc' dir='ltr'>Ι</span> <span class='ocrx_word' id='word_1_212' title='bbox 1585 1869 1694 1923; x_wconf 79' lang='lat' dir='ltr'><strong>post</strong></span> <span class='ocrx_word' id='word_1_213' title='bbox 1717 1866 1800 1910; x_wconf 89' lang='lat' dir='ltr'><strong>im-</strong></span> 
     </span>
     <span class='ocr_line' id='line_1_23' title="bbox 98 1930 1798 1993; baseline 0.004 -20"><span class='ocrx_word' id='word_1_214' title='bbox 98 1934 288 1987; x_wconf 88' lang='lat' dir='ltr'><strong>perator</strong></span> <span class='ocrx_word' id='word_1_215' title='bbox 311 1935 378 1975; x_wconf 78' lang='lat' dir='ltr'><strong>est</strong></span> <span class='ocrx_word' id='word_1_216' title='bbox 401 1933 449 1975; x_wconf 84' lang='lat' dir='ltr'><strong>in</strong></span> <span class='ocrx_word' id='word_1_217' title='bbox 474 1930 600 1975; x_wconf 83' lang='lat' dir='ltr'><strong>Med.</strong></span> <span class='ocrx_word' id='word_1_218' title='bbox 627 1933 823 1982; x_wconf 74' lang='lat' dir='ltr'><strong>lamma,-</strong></span> <span class='ocrx_word' id='word_1_219' title='bbox 850 1946 874 1977; x_wconf 89' lang='lat' dir='ltr'><strong>a</strong></span> <span class='ocrx_word' id='word_1_220' title='bbox 901 1946 998 1977; x_wconf 89' lang='lat' dir='ltr'><strong>sen.</strong></span> <span class='ocrx_word' id='word_1_221' title='bbox 1026 1946 1070 1990; x_wconf 92' lang='lat' dir='ltr'><strong>p.</strong></span> <span class='ocrx_word' id='word_1_222' title='bbox 1101 1932 1150 1977; x_wconf 91' lang='lat' dir='ltr'><strong>R.</strong></span> <span class='ocrx_word' id='word_1_223' title='bbox 1179 1934 1330 1991; x_wconf 84' lang='lat' dir='ltr'><strong>suppl.</strong></span> <span class='ocrx_word' id='word_1_224' title='bbox 1361 1933 1448 1992; x_wconf 89' lang='lat' dir='ltr'><strong>Ri,</strong></span> <span class='ocrx_word' id='word_1_225' title='bbox 1479 1949 1503 1980; x_wconf 94' lang='lat' dir='ltr'><strong>a</strong></span> <span class='ocrx_word' id='word_1_226' title='bbox 1535 1948 1586 1979; x_wconf 89' lang='lat' dir='ltr'><strong>re</strong></span> <span class='ocrx_word' id='word_1_227' title='bbox 1611 1935 1798 1993; x_wconf 84' lang='lat' dir='ltr'><strong>publica</strong></span> 
     </span>
     <span class='ocr_line' id='line_1_24' title="bbox 102 1994 1363 2066; baseline 0.003 -23"><span class='ocrx_word' id='word_1_228' title='bbox 102 1997 157 2050; x_wconf 82' lang='lat'><strong>0,</strong></span> <span class='ocrx_word' id='word_1_229' title='bbox 193 2000 315 2056; x_wconf 84' lang='lat' dir='ltr'><strong>quod</strong></span> <span class='ocrx_word' id='word_1_230' title='bbox 330 1999 553 2058; x_wconf 83' lang='lat' dir='ltr'><strong>praefert</strong></span> <span class='ocrx_word' id='word_1_231' title='bbox 575 1999 650 2045; x_wconf 89' lang='lat' dir='ltr'><strong>He</strong></span> <span class='ocrx_word' id='word_1_232' title='bbox 674 2002 721 2044; x_wconf 84' lang='lat' dir='ltr'><strong>in</strong></span> <span class='ocrx_word' id='word_1_233' title='bbox 737 2000 897 2059; x_wconf 78' lang='lat' dir='ltr'><strong>praef.</strong></span> <span class='ocrx_word' id='word_1_234' title='bbox 924 2001 1067 2045; x_wconf 87' lang='lat' dir='ltr'><strong>LXX</strong></span> <span class='ocrx_word' id='word_1_235' title='bbox 1092 1994 1100 2066; x_wconf 93' lang='grc' dir='ltr'>Ι</span> <span class='ocrx_word' id='word_1_236' title='bbox 1133 2007 1187 2051; x_wconf 88' lang='lat'><strong>15</strong></span> <span class='ocrx_word' id='word_1_237' title='bbox 1217 2002 1264 2047; x_wconf 92' lang='lat' dir='ltr'><strong>in</strong></span> <span class='ocrx_word' id='word_1_238' title='bbox 1290 2003 1363 2048; x_wconf 91' lang='lat' dir='ltr'><strong>his</strong></span> 
     </span>
    </p>

    <p class='ocr_par' dir='ltr' id='par_1_10' title="bbox 98 2065 1796 2185">
     <span class='ocr_line' id='line_1_25' title="bbox 238 2065 1796 2136; baseline 0.003 -23"><span class='ocrx_word' id='word_1_239' title='bbox 238 2065 296 2126; x_wconf 89' lang='lat'><strong>7,</strong></span> <span class='ocrx_word' id='word_1_240' title='bbox 331 2073 357 2117; x_wconf 89' lang='lat'>7</span> <span class='ocrx_word' id='word_1_241' title='bbox 385 2074 659 2128; x_wconf 87' lang='lat' dir='ltr'><strong>recepturus</strong></span> <span class='ocrx_word' id='word_1_242' title='bbox 690 2075 762 2114; x_wconf 90' lang='lat' dir='ltr'><strong>est</strong></span> <span class='ocrx_word' id='word_1_243' title='bbox 792 2066 801 2132; x_wconf 91' lang='grc' dir='ltr'>Ι</span> <span class='ocrx_word' id='word_1_244' title='bbox 833 2075 862 2118; x_wconf 89' lang='grc'>8</span> <span class='ocrx_word' id='word_1_245' title='bbox 893 2070 1138 2127; x_wconf 88' lang='lat' dir='ltr'><strong>talledius,</strong></span> <span class='ocrx_word' id='word_1_246' title='bbox 1166 2084 1250 2116; x_wconf 85' lang='lat' dir='ltr'><strong>em.</strong></span> <span class='ocrx_word' id='word_1_247' title='bbox 1282 2071 1370 2123; x_wconf 87' lang='lat' dir='ltr'><strong>Ri;</strong></span> <span class='ocrx_word' id='word_1_248' title='bbox 1406 2073 1454 2118; x_wconf 89' lang='lat' dir='ltr'><strong>T.</strong></span> <span class='ocrx_word' id='word_1_249' title='bbox 1481 2073 1694 2118; x_wconf 85' lang='lat' dir='ltr'><strong>Alledius</strong></span> <span class='ocrx_word' id='word_1_250' title='bbox 1719 2074 1757 2118; x_wconf 90' lang='lat' dir='ltr'><em>L</em></span> <span class='ocrx_word' id='word_1_251' title='bbox 1790 2069 1796 2136; x_wconf 94' lang='grc' dir='ltr'>Ι</span> 
     </span>
     <span class='ocr_line' id='line_1_26' title="bbox 98 2136 548 2185; baseline -0.002 -1"><span class='ocrx_word' id='word_1_252' title='bbox 98 2142 154 2184; x_wconf 90' lang='grc'><strong>10</strong></span> <span class='ocrx_word' id='word_1_253' title='bbox 178 2136 455 2185; x_wconf 86' lang='lat' dir='ltr'><strong>Messalinae</strong></span> <span class='ocrx_word' id='word_1_254' title='bbox 485 2140 548 2183; x_wconf 87' lang='lat' dir='ltr'><strong>al.</strong></span> 
     </span>
    </p>

    <p class='ocr_par' dir='ltr' id='par_1_11' title="bbox 238 2202 1397 2273">
     <span class='ocr_line' id='line_1_27' title="bbox 238 2202 1397 2273; baseline 0.001 -19"><span class='ocrx_word' id='word_1_255' title='bbox 238 2202 296 2265; x_wconf 88' lang='lat'><strong>8,</strong></span> <span class='ocrx_word' id='word_1_256' title='bbox 329 2212 356 2257; x_wconf 86' lang='lat'>7</span> <span class='ocrx_word' id='word_1_257' title='bbox 388 2209 443 2254; x_wconf 93' lang='lat' dir='ltr'><strong>ad</strong></span> <span class='ocrx_word' id='word_1_258' title='bbox 470 2207 747 2268; x_wconf 86' lang='lat' dir='ltr'><strong>agrippinae</strong></span> <span class='ocrx_word' id='word_1_259' title='bbox 781 2203 788 2272; x_wconf 95' lang='grc' dir='ltr'>Ι</span> <span class='ocrx_word' id='word_1_260' title='bbox 821 2207 882 2267; x_wconf 83' lang='grc'>9,</span> <span class='ocrx_word' id='word_1_261' title='bbox 907 2215 936 2259; x_wconf 89' lang='grc'>8</span> <span class='ocrx_word' id='word_1_262' title='bbox 969 2210 1045 2268; x_wconf 93' lang='lat' dir='ltr'><strong>qui</strong></span> <span class='ocrx_word' id='word_1_263' title='bbox 1074 2210 1157 2255; x_wconf 90' lang='lat' dir='ltr'><strong>sub</strong></span> <span class='ocrx_word' id='word_1_264' title='bbox 1192 2203 1199 2273; x_wconf 91' lang='grc' dir='ltr'>Ι</span> <span class='ocrx_word' id='word_1_265' title='bbox 1231 2215 1259 2258; x_wconf 83' lang='lat'><strong>9</strong></span> <span class='ocrx_word' id='word_1_266' title='bbox 1281 2210 1397 2256; x_wconf 88' lang='lat' dir='ltr'><strong>uitio</strong></span> 
     </span>
    </p>

    <p class='ocr_par' dir='ltr' id='par_1_12' title="bbox 96 2273 1806 2404">
     <span class='ocr_line' id='line_1_28' title="bbox 241 2273 1806 2343; baseline 0.003 -22"><span class='ocrx_word' id='word_1_267' title='bbox 241 2274 332 2334; x_wconf 83' lang='lat'>10,</span> <span class='ocrx_word' id='word_1_268' title='bbox 362 2282 392 2325; x_wconf 87' lang='grc'>4</span> <span class='ocrx_word' id='word_1_269' title='bbox 412 2277 569 2323; x_wconf 87' lang='lat' dir='ltr'><strong>sedL:</strong></span> <span class='ocrx_word' id='word_1_270' title='bbox 596 2279 680 2324; x_wconf 92' lang='lat' dir='ltr'><strong>sed</strong></span> <span class='ocrx_word' id='word_1_271' title='bbox 708 2283 754 2323; x_wconf 91' lang='lat' dir='ltr'><strong>et</strong></span> <span class='ocrx_word' id='word_1_272' title='bbox 785 2273 792 2343; x_wconf 95' lang='grc' dir='ltr'>Ι</span> <span class='ocrx_word' id='word_1_273' title='bbox 825 2287 851 2327; x_wconf 85' lang='lat'>5</span> <span class='ocrx_word' id='word_1_274' title='bbox 881 2280 1126 2336; x_wconf 88' lang='lat' dir='ltr'><strong>accedere,</strong></span> <span class='ocrx_word' id='word_1_275' title='bbox 1147 2279 1324 2337; x_wconf 77' lang='lat' dir='ltr'><strong>quodR</strong></span> <span class='ocrx_word' id='word_1_276' title='bbox 1352 2285 1522 2325; x_wconf 81' lang='lat' dir='ltr'><strong>rectum</strong></span> <span class='ocrx_word' id='word_1_277' title='bbox 1549 2283 1736 2335; x_wconf 79' lang='lat' dir='ltr'><strong>censuit,</strong></span> <span class='ocrx_word' id='word_1_278' title='bbox 1763 2283 1806 2325; x_wconf 85' lang='lat' dir='ltr'><strong>si</strong></span> 
     </span>
     <span class='ocr_line' id='line_1_29' title="bbox 96 2347 873 2404; baseline 0.001 -13"><span class='ocrx_word' id='word_1_279' title='bbox 96 2356 243 2404; x_wconf 74' lang='lat' dir='ltr'><strong>supra</strong></span> <span class='ocrx_word' id='word_1_280' title='bbox 268 2347 352 2392; x_wconf 91' lang='lat' dir='ltr'><strong>sed</strong></span> <span class='ocrx_word' id='word_1_281' title='bbox 381 2347 437 2392; x_wconf 90' lang='lat' dir='ltr'><strong>ad</strong></span> <span class='ocrx_word' id='word_1_282' title='bbox 463 2347 601 2393; x_wconf 84' lang='lat' dir='ltr'><strong>fllium</strong></span> <span class='ocrx_word' id='word_1_283' title='bbox 631 2348 873 2396; x_wconf 78' lang='lat' dir='ltr'><strong>scriberes,</strong></span> 
     </span>
    </p>

    <p class='ocr_par' dir='ltr' id='par_1_13' title="bbox 98 2412 1796 2533">
     <span class='ocr_line' id='line_1_30' title="bbox 183 2412 1796 2484; baseline 0.002 -24"><span class='ocrx_word' id='word_1_284' title='bbox 183 2437 186 2439; x_wconf 96' lang='lat'>·</span> <span class='ocrx_word' id='word_1_285' title='bbox 242 2412 331 2474; x_wconf 83' lang='lat'>11,</span> <span class='ocrx_word' id='word_1_286' title='bbox 369 2421 397 2465; x_wconf 87' lang='lat'><strong>6</strong></span> <span class='ocrx_word' id='word_1_287' title='bbox 424 2417 683 2462; x_wconf 88' lang='lat' dir='ltr'><strong>concitaret</strong></span> <span class='ocrx_word' id='word_1_288' title='bbox 723 2412 731 2481; x_wconf 91' lang='grc' dir='ltr'>Ι</span> <span class='ocrx_word' id='word_1_289' title='bbox 773 2423 798 2467; x_wconf 90' lang='grc'><strong>7</strong></span> <span class='ocrx_word' id='word_1_290' title='bbox 829 2419 984 2476; x_wconf 86' lang='lat' dir='ltr'><strong>ignata</strong></span> <span class='ocrx_word' id='word_1_291' title='bbox 1016 2414 1205 2478; x_wconf 85' lang='lat' dir='ltr'><strong>(ignara</strong></span> <span class='ocrx_word' id='word_1_292' title='bbox 1240 2415 1330 2478; x_wconf 85' lang='lat' dir='ltr'><strong>al.)</strong></span> <span class='ocrx_word' id='word_1_293' title='bbox 1369 2418 1435 2477; x_wconf 83' lang='lat' dir='ltr'><strong>cf.</strong></span> <span class='ocrx_word' id='word_1_294' title='bbox 1466 2423 1522 2477; x_wconf 80' lang='lat'>2,</span> <span class='ocrx_word' id='word_1_295' title='bbox 1546 2425 1573 2466; x_wconf 85' lang='lat'><strong>2</strong></span> <span class='ocrx_word' id='word_1_296' title='bbox 1617 2415 1623 2484; x_wconf 96' lang='grc' dir='ltr'>Ι</span> <span class='ocrx_word' id='word_1_297' title='bbox 1671 2426 1796 2466; x_wconf 88' lang='lat' dir='ltr'><strong>tanto</strong></span> 
     </span>
     <span class='ocr_line' id='line_1_31' title="bbox 98 2482 968 2533; baseline 0.003 -4"><span class='ocrx_word' id='word_1_298' title='bbox 98 2482 292 2531; x_wconf 88' lang='lat' dir='ltr'><strong>laetiora</strong></span> <span class='ocrx_word' id='word_1_299' title='bbox 330 2485 372 2531; x_wconf 91' lang='lat' dir='ltr'><em>U</em></span> <span class='ocrx_word' id='word_1_300' title='bbox 388 2491 433 2530; x_wconf 86' lang='lat' dir='ltr'><strong>et</strong></span> <span class='ocrx_word' id='word_1_301' title='bbox 452 2485 517 2531; x_wconf 82' lang='lat' dir='ltr'><strong>A.-</strong></span> <span class='ocrx_word' id='word_1_302' title='bbox 542 2491 669 2532; x_wconf 87' lang='lat' dir='ltr'><strong>tanto</strong></span> <span class='ocrx_word' id='word_1_303' title='bbox 696 2488 968 2533; x_wconf 83' lang='lat' dir='ltr'><strong>toleratiora</strong></span> 
     </span>
    </p>

    <p class='ocr_par' dir='ltr' id='par_1_14' title="bbox 99 2551 1801 2687">
     <span class='ocr_line' id='line_1_32' title="bbox 240 2551 1801 2620; baseline 0.001 -21"><span class='ocrx_word' id='word_1_304' title='bbox 240 2551 334 2612; x_wconf 89' lang='lat'>12,</span> <span class='ocrx_word' id='word_1_305' title='bbox 376 2560 403 2604; x_wconf 88' lang='lat'>6</span> <span class='ocrx_word' id='word_1_306' title='bbox 432 2561 559 2601; x_wconf 83' lang='lat' dir='ltr'><strong>ratus</strong></span> <span class='ocrx_word' id='word_1_307' title='bbox 582 2569 668 2601; x_wconf 89' lang='lat' dir='ltr'><strong>om.</strong></span> <span class='ocrx_word' id='word_1_308' title='bbox 706 2559 754 2602; x_wconf 83' lang='lat' dir='ltr'><strong>in</strong></span> <span class='ocrx_word' id='word_1_309' title='bbox 779 2558 946 2602; x_wconf 83' lang='lat' dir='ltr'><strong>lacuna</strong></span> <span class='ocrx_word' id='word_1_310' title='bbox 988 2551 995 2619; x_wconf 95' lang='grc' dir='ltr'>Ι</span> <span class='ocrx_word' id='word_1_311' title='bbox 1037 2562 1062 2606; x_wconf 91' lang='grc'><strong>7</strong></span> <span class='ocrx_word' id='word_1_312' title='bbox 1093 2557 1271 2616; x_wconf 87' lang='lat' dir='ltr'><strong>peritus</strong></span> <span class='ocrx_word' id='word_1_313' title='bbox 1316 2552 1323 2620; x_wconf 92' lang='grc' dir='ltr'>Ι</span> <span class='ocrx_word' id='word_1_314' title='bbox 1364 2562 1392 2606; x_wconf 89' lang='grc'>9</span> <span class='ocrx_word' id='word_1_315' title='bbox 1417 2557 1634 2615; x_wconf 87' lang='lat' dir='ltr'><strong>Abgarus</strong></span> <span class='ocrx_word' id='word_1_316' title='bbox 1664 2556 1801 2615; x_wconf 81' lang='lat' dir='ltr'><strong>Ryck</strong></span> 
     </span>
     <span class='ocr_line' id='line_1_33' title="bbox 99 2622 1800 2687; baseline 0.001 -19"><span class='ocrx_word' id='word_1_317' title='bbox 99 2632 160 2668; x_wconf 79' lang='lat' dir='ltr'><strong>ex</strong></span> <span class='ocrx_word' id='word_1_318' title='bbox 181 2625 375 2669; x_wconf 82' lang='lat' dir='ltr'><strong>nummis</strong></span> <span class='ocrx_word' id='word_1_319' title='bbox 398 2629 443 2670; x_wconf 83' lang='lat' dir='ltr'><strong>et</strong></span> <span class='ocrx_word' id='word_1_320' title='bbox 465 2626 604 2670; x_wconf 83' lang='lat' dir='ltr'><strong>titulis</strong></span> <span class='ocrx_word' id='word_1_321' title='bbox 614 2644 628 2675; x_wconf 90' lang='lat'><em>;</em></span> <span class='ocrx_word' id='word_1_322' title='bbox 655 2626 788 2685; x_wconf 84' lang='lat' dir='ltr'><strong>infra</strong></span> <span class='ocrx_word' id='word_1_323' title='bbox 812 2631 892 2684; x_wconf 87' lang='lat'>14,</span> <span class='ocrx_word' id='word_1_324' title='bbox 922 2634 948 2674; x_wconf 83' lang='lat'>5</span> <span class='ocrx_word' id='word_1_325' title='bbox 967 2626 1093 2671; x_wconf 85' lang='lat' dir='ltr'><strong>Med.</strong></span> <span class='ocrx_word' id='word_1_326' title='bbox 1119 2626 1254 2671; x_wconf 77' lang='lat' dir='ltr'><strong>habet</strong></span> <span class='ocrx_word' id='word_1_327' title='bbox 1281 2627 1480 2671; x_wconf 88' lang='lat' dir='ltr'><strong>ahbarus</strong></span> <span class='ocrx_word' id='word_1_328' title='bbox 1514 2622 1521 2687; x_wconf 91' lang='grc' dir='ltr'>Ι</span> <span class='ocrx_word' id='word_1_329' title='bbox 1558 2631 1610 2674; x_wconf 88' lang='grc'><strong>16</strong></span> <span class='ocrx_word' id='word_1_330' title='bbox 1635 2626 1800 2684; x_wconf 88' lang='lat' dir='ltr'><strong>petiuit</strong></span> 
     </span>
    </p>

    <p class='ocr_par' dir='ltr' id='par_1_15' title="bbox 95 2689 1797 2962">
     <span class='ocr_line' id='line_1_34' title="bbox 241 2689 1797 2755; baseline 0.002 -18"><span class='ocrx_word' id='word_1_331' title='bbox 241 2689 332 2752; x_wconf 89' lang='lat'>13,</span> <span class='ocrx_word' id='word_1_332' title='bbox 370 2701 393 2742; x_wconf 93' lang='lat' dir='ltr'><strong>l</strong></span> <span class='ocrx_word' id='word_1_333' title='bbox 422 2695 595 2754; x_wconf 88' lang='lat' dir='ltr'><strong>campis</strong></span> <span class='ocrx_word' id='word_1_334' title='bbox 621 2697 683 2742; x_wconf 83' lang='grc' dir='ltr'><strong>αἶ.</strong></span> <span class='ocrx_word' id='word_1_335' title='bbox 700 2731 712 2754; x_wconf 95' lang='grc'>,</span> <span class='ocrx_word' id='word_1_336' title='bbox 747 2708 878 2755; x_wconf 82' lang='lat' dir='ltr'><strong>quem</strong></span> <span class='ocrx_word' id='word_1_337' title='bbox 904 2709 1061 2741; x_wconf 85' lang='lat' dir='ltr'><strong>casum</strong></span> <span class='ocrx_word' id='word_1_338' title='bbox 1093 2696 1276 2739; x_wconf 82' lang='lat' dir='ltr'><strong>Tacitus</strong></span> <span class='ocrx_word' id='word_1_339' title='bbox 1304 2707 1480 2753; x_wconf 83' lang='lat' dir='ltr'><strong>quoque</strong></span> <span class='ocrx_word' id='word_1_340' title='bbox 1507 2697 1624 2740; x_wconf 80' lang='lat' dir='ltr'><strong>alias</strong></span> <span class='ocrx_word' id='word_1_341' title='bbox 1651 2695 1797 2754; x_wconf 80' lang='lat' dir='ltr'><strong>habet,</strong></span> 
     </span>
     <span class='ocr_line' id='line_1_35' title="bbox 99 2758 1797 2827; baseline -0.001 -16"><span class='ocrx_word' id='word_1_342' title='bbox 99 2764 150 2805; x_wconf 66' lang='lat' dir='ltr'><strong>a!</strong></span> <span class='ocrx_word' id='word_1_343' title='bbox 185 2769 238 2819; x_wconf 90' lang='lat'>1,</span> <span class='ocrx_word' id='word_1_344' title='bbox 274 2768 355 2816; x_wconf 87' lang='lat'><strong>63;</strong></span> <span class='ocrx_word' id='word_1_345' title='bbox 391 2771 479 2822; x_wconf 88' lang='lat'>15,</span> <span class='ocrx_word' id='word_1_346' title='bbox 502 2769 583 2818; x_wconf 76' lang='lat'><strong>393</strong></span> <span class='ocrx_word' id='word_1_347' title='bbox 621 2764 686 2810; x_wconf 88' lang='lat' dir='ltr'><strong>H.</strong></span> <span class='ocrx_word' id='word_1_348' title='bbox 721 2768 772 2820; x_wconf 87' lang='lat'>2,</span> <span class='ocrx_word' id='word_1_349' title='bbox 813 2767 877 2810; x_wconf 83' lang='lat'><strong>58</strong></span> <span class='ocrx_word' id='word_1_350' title='bbox 911 2770 994 2810; x_wconf 84' lang='lat' dir='ltr'><strong>etc.</strong></span> <span class='ocrx_word' id='word_1_351' title='bbox 1022 2759 1047 2827; x_wconf 92' lang='grc' dir='ltr'>Ι</span> <span class='ocrx_word' id='word_1_352' title='bbox 1088 2770 1115 2810; x_wconf 81' lang='lat'><strong>2</strong></span> <span class='ocrx_word' id='word_1_353' title='bbox 1142 2764 1350 2810; x_wconf 90' lang='lat' dir='ltr'><strong>carrenis</strong></span> <span class='ocrx_word' id='word_1_354' title='bbox 1393 2758 1400 2827; x_wconf 92' lang='grc' dir='ltr'>Ι</span> <span class='ocrx_word' id='word_1_355' title='bbox 1444 2769 1471 2813; x_wconf 84' lang='grc'>3</span> <span class='ocrx_word' id='word_1_356' title='bbox 1499 2779 1585 2810; x_wconf 80' lang='lat' dir='ltr'><strong>rex</strong></span> <span class='ocrx_word' id='word_1_357' title='bbox 1611 2765 1797 2810; x_wconf 85' lang='lat' dir='ltr'><strong>iuliates</strong></span> 
     </span>
     <span class='ocr_line' id='line_1_36' title="bbox 103 2825 1797 2897; baseline 0.002 -22"><span class='ocrx_word' id='word_1_358' title='bbox 103 2825 211 2890; x_wconf 73' lang='lat' dir='ltr'><strong>(sed</strong></span> <span class='ocrx_word' id='word_1_359' title='bbox 232 2831 362 2892; x_wconf 85' lang='lat' dir='ltr'><strong>infra</strong></span> <span class='ocrx_word' id='word_1_360' title='bbox 391 2838 470 2890; x_wconf 84' lang='lat'>14,</span> <span class='ocrx_word' id='word_1_361' title='bbox 498 2840 523 2882; x_wconf 88' lang='lat'>5</span> <span class='ocrx_word' id='word_1_362' title='bbox 552 2831 764 2895; x_wconf 87' lang='lat' dir='ltr'><strong>ezates)‚</strong></span> <span class='ocrx_word' id='word_1_363' title='bbox 802 2846 886 2879; x_wconf 89' lang='lat' dir='ltr'><strong>em.</strong></span> <span class='ocrx_word' id='word_1_364' title='bbox 916 2835 964 2879; x_wconf 88' lang='lat' dir='ltr'><em>F</em></span> <span class='ocrx_word' id='word_1_365' title='bbox 983 2846 1044 2878; x_wconf 83' lang='lat' dir='ltr'><strong>ex</strong></span> <span class='ocrx_word' id='word_1_366' title='bbox 1072 2833 1268 2891; x_wconf 79' lang='lat' dir='ltr'><strong>Josepho</strong></span> <span class='ocrx_word' id='word_1_367' title='bbox 1299 2833 1407 2890; x_wconf 91' lang='lat' dir='ltr'>XX,</span> <span class='ocrx_word' id='word_1_368' title='bbox 1433 2838 1491 2890; x_wconf 82' lang='lat'>2,</span> <span class='ocrx_word' id='word_1_369' title='bbox 1522 2839 1551 2882; x_wconf 84' lang='lat'><strong>3</strong></span> <span class='ocrx_word' id='word_1_370' title='bbox 1592 2829 1601 2897; x_wconf 89' lang='grc' dir='ltr'>Ι</span> <span class='ocrx_word' id='word_1_371' title='bbox 1643 2835 1797 2880; x_wconf 89' lang='lat' dir='ltr'><strong>socie-</strong></span> 
     </span>
     <span class='ocr_line' id='line_1_37' title="bbox 95 2893 1795 2962; baseline 0.004 -19"><span class='ocrx_word' id='word_1_372' title='bbox 95 2901 193 2944; x_wconf 66' lang='lat' dir='ltr'><strong>*tate</strong></span> <span class='ocrx_word' id='word_1_373' title='bbox 233 2893 242 2961; x_wconf 93' lang='grc' dir='ltr'>Ι</span> <span class='ocrx_word' id='word_1_374' title='bbox 285 2907 312 2951; x_wconf 87' lang='grc'><strong>6</strong></span> <span class='ocrx_word' id='word_1_375' title='bbox 339 2907 383 2947; x_wconf 84' lang='lat' dir='ltr'><strong>et</strong></span> <span class='ocrx_word' id='word_1_376' title='bbox 409 2917 496 2949; x_wconf 90' lang='lat' dir='ltr'><strong>om.</strong></span> <span class='ocrx_word' id='word_1_377' title='bbox 524 2917 626 2948; x_wconf 88' lang='lat' dir='ltr'><strong>cum</strong></span> <span class='ocrx_word' id='word_1_378' title='bbox 654 2905 832 2950; x_wconf 84' lang='lat' dir='ltr'><strong>nomine</strong></span> <span class='ocrx_word' id='word_1_379' title='bbox 859 2904 1051 2952; x_wconf 73' lang='lat' dir='ltr'><strong>castelli:</strong></span> <span class='ocrx_word' id='word_1_380' title='bbox 1089 2908 1134 2947; x_wconf 88' lang='lat' dir='ltr'><strong>et</strong></span> <span class='ocrx_word' id='word_1_381' title='bbox 1165 2903 1338 2948; x_wconf 86' lang='lat' dir='ltr'><strong>Arbela</strong></span> <span class='ocrx_word' id='word_1_382' title='bbox 1368 2903 1464 2948; x_wconf 77' lang='lat' dir='ltr'><strong>cod.</strong></span> <span class='ocrx_word' id='word_1_383' title='bbox 1494 2904 1636 2962; x_wconf 71' lang='lat' dir='ltr'><strong>Ayr.;</strong></span> <span class='ocrx_word' id='word_1_384' title='bbox 1680 2909 1727 2947; x_wconf 78' lang='lat' dir='ltr'><strong>at</strong></span> <span class='ocrx_word' id='word_1_385' title='bbox 1754 2918 1795 2949; x_wconf 86' lang='lat' dir='ltr'><strong>v.</strong></span> 
     </span>
    </p>
   </div>
  </div>
 </body>
</html>
