1976 3224
250 176 352 227 270
703 185 977 224 cossNELn
1017 185 1216 223 TAcrrl
1249 186 1556 224 ANNALmM

249 324 408 366 aetate
430 315 489 364 ad
515 315 692 364 bellum
718 329 878 377 versa,
905 313 1011 362 dum
1033 322 1226 362 nostros
1248 322 1539 363 commeatus
1559 314 1647 363 sibi
1669 314 1922 365 destinant.

191 402 232 435 10
253 394 523 450 gentesque
564 384 878 449 praeferoces
915 384 1093 432 tardius
1131 384 1190 432 ad
1233 399 1401 449 pacem
1445 384 1761 448 inclinabant,
1813 387 1922 450 quia

248 457 396 505 Iulius
421 455 746 505 classicianus
774 469 1033 503 successor
1061 452 1181 503 Cato
1209 455 1381 504 missus
1402 463 1450 504 et
1476 456 1707 504 Suetonio
1735 455 1923 504 discors

250 527 426 575 bonum
452 525 693 591 publicum
723 524 921 588 privatis
950 523 1264 573 simultatibus
1290 524 1586 590 impediebat
1608 524 1922 590 disperserat·

250 612 344 662 que
371 611 544 645 novum
573 595 783 659 legatum
811 594 1160 659 opperiendum
1189 609 1327 658 esse,
1365 597 1467 644 sine
1493 594 1654 644 hostili
1677 597 1748 644 ira
1774 602 1822 643 et
1850 610 1923 642 su-

250 666 417 732 perbia
446 667 645 715 victoris
675 664 938 713 clementer
959 663 1130 713 deditis
1155 665 1495 714 consulturum.
1524 665 1660 714 simul
1679 666 1726 713 in
1758 664 1923 713 urbem

191 752 231 785 15
248 736 518 798 mandabat,
549 735 726 783 nullum
753 734 1054 799 proeliorum
1081 735 1223 784 finem
1250 743 1608 801 exspectarent,
1635 735 1727 784 nisi
1754 749 1922 784 succe-

246 808 443 856 deretur
471 806 722 868 SuetoniO,
754 807 888 854 cuius
915 805 1119 855 adversa
1146 806 1367 870 pravitati
1395 807 1564 872 ipsiuS,
1595 819 1836 871 prospera
1863 803 1924 854 ad

243 878 482 926 fortunam
505 874 766 924 referebat.

242 996 245 999 .
350 946 433 997 39.
482 946 635 1010 Igitur
671 944 731 995 ad
769 946 1083 1009 spectandum
1110 945 1383 997 Britanniae
1421 954 1593 997 statum
1634 949 1806 997 missus
1848 956 1923 998 est

245 1035 272 1067 e
297 1017 485 1066 libertis
524 1015 814 1079 Polyclitus,
862 1031 1035 1080 magna
1069 1015 1281 1066 Neronis
1319 1032 1407 1082 spe
1441 1032 1590 1082 posse
1632 1020 1921 1069 auctoritate

246 1090 348 1137 eius
387 1102 480 1136 non
520 1086 664 1135 modo
704 1087 828 1134 inter
863 1086 1074 1150 legatum
1110 1095 1573 1152 procuratoremque
1612 1089 1919 1140 concordiam

243 1158 396 1222 gigni,
423 1156 514 1206 sed
542 1164 589 1205 et
615 1155 831 1204 rebelles
860 1156 1174 1206 barbarorum
1200 1160 1383 1207 animos
1412 1173 1535 1223 pace
1563 1162 1790 1224 conponi.
1829 1175 1924 1209 nec

201 1243 220 1275 5
245 1228 394 1277 defuit
419 1226 684 1289 Polyclitus
712 1241 807 1291 quo
837 1228 990 1275 minus
1014 1228 1197 1292 ingenti
1226 1229 1416 1293 agmine
1442 1229 1608 1279 ltaliae
1638 1229 1920 1295 Galliaeque

243 1300 434 1362 graviS,
478 1305 734 1362 postquam
775 1295 1018 1347 Oceanum
1057 1301 1410 1364 transmiserat,
1463 1300 1687 1349 militibus
1726 1315 1920 1365 quoque

242 1369 420 1417 nostris
457 1367 688 1417 terribilis
723 1368 988 1417 incederet.
1046 1368 1133 1418 sed
1169 1369 1390 1420 hostibus
1437 1370 1601 1420 inrisui
1637 1370 1747 1434 fuit,
1795 1370 1918 1435 apud

244 1454 368 1504 quos
394 1438 631 1502 flagrante
658 1438 797 1487 etiam
826 1446 921 1488 tum
950 1437 1173 1489 libertate
1210 1440 1415 1490 nondum
1444 1442 1638 1505 cognita
1674 1441 1921 1490 libertino-

243 1524 345 1558 rum
376 1510 589 1573 potentia
623 1515 753 1566 erat;
782 1508 1171 1574 mirabanturque
1199 1511 1327 1576 quod
1350 1510 1444 1560 dux
1469 1519 1516 1560 et
1538 1512 1782 1560 exercitus
1805 1510 1922 1560 tanti

184 1598 226 1630 πο
243 1578 361 1628 belli
388 1578 642 1628 confector
668 1580 880 1628 servitiis
907 1579 1208 1629 oboedirent.
1257 1588 1426 1630 cuncta
1452 1589 1608 1631 tamen
1634 1581 1692 1630 ad
1718 1582 1920 1646 impera-

241 1657 397 1699 torem
434 1649 480 1697 in
514 1649 707 1697 mollius
734 1648 912 1706 relata;
948 1650 1265 1716 detentusque
1302 1650 1448 1700 rebus
1481 1650 1710 1714 gerundis
1749 1652 1919 1699 Sueto·

242 1720 375 1782 niuS,
422 1718 551 1783 quod
590 1726 702 1784 post
734 1734 914 1784 paucas
949 1735 1101 1769 naves
1139 1721 1185 1769 in
1217 1721 1360 1770 litore
1397 1720 1744 1786 remigiumque
1780 1722 1827 1769 in
1862 1721 1921 1768 iis

241 1791 483 1852 amiserat,
511 1796 750 1853 tamquam
772 1788 971 1839 durante
1001 1789 1152 1851 bello,
1185 1791 1378 1840 tradere
1406 1792 1672 1840 exercitum
1692 1790 1920 1841 Petronio

242 1859 539 1924 TurpilianO,
574 1859 653 1922 qui
679 1860 769 1907 iam
796 1859 1047 1909 consulatu
1074 1859 1274 1925 abierat,
1304 1860 1509 1910 iubetur.
1553 1862 1592 1910 is
1617 1875 1712 1911 non
1731 1861 1919 1910 inritato

183 1947 223 1981 ιε»
239 1929 382 1978 hoste
417 1944 574 1994 neque
611 1929 869 1978 lacessitus
896 1930 1151 1980 honestum
1179 1933 1316 1997 pacis
1343 1945 1517 1981 nomen
1545 1933 1684 1996 segni
1712 1932 1811 1981 otio
1838 1931 1921 1979 im-

240 2000 416 2064 posuit.

345 2072 431 2120 40.
465 2069 651 2119 Eodem
687 2084 810 2119 anno
845 2070 1029 2120 Romae
1059 2071 1264 2135 insignia
1301 2071 1516 2134 scelera,
1551 2072 1752 2121 alterum
1783 2087 1925 2122 sena--

239 2141 376 2203 toris,
409 2140 574 2189 servili
602 2139 804 2188 alterum
828 2140 1046 2204 audacia,
1075 2141 1280 2190 admissa
1307 2149 1428 2190 sunt.
1479 2141 1715 2190 Domitius
1743 2141 1921 2191 Balbus

241 2218 345 2259 erat
374 2210 674 2275 praetorius,
716 2210 852 2259 simul
891 2211 1038 2275 longa
1074 2218 1298 2275 senecta,
1337 2211 1474 2260 simul
1514 2211 1720 2261 orbitate
1754 2219 1801 2262 et
1837 2228 1918 2277 pe-

242 2281 379 2330 cunia
427 2280 610 2329 insidiis
659 2279 914 2329 obnoxius.
984 2281 1027 2329 ei
1068 2282 1365 2347 propinquus
1396 2281 1621 2331 Valerius
1658 2281 1918 2345 FabianuS,

200 2368 219 2400 5
240 2350 555 2415 capessendis
592 2349 860 2398 honoribus
895 2350 1188 2413 destinatuS,
1230 2350 1441 2400 subdidit
1479 2359 1811 2401 testamentum
1840 2351 1917 2401 ad-

238 2421 373 2469 scitis
399 2421 589 2470 Vinicio
621 2419 794 2469 Rufino
834 2427 881 2468 et
906 2420 1137 2470 Terentio
1166 2420 1367 2470 Lentino
1406 2421 1644 2486 equitibus
1668 2422 1914 2472 Romanis.

238 2490 308 2539 illi
337 2489 596 2539 Antonium
624 2489 829 2539 Primum
859 2497 905 2539 et
929 2490 1146 2539 Asinium
1165 2490 1446 2540 Marcellum
1468 2492 1786 2541 sociaverant.
1819 2491 1914 2540 An-

237 2562 399 2610 tonius
431 2559 631 2610 audacia
661 2567 935 2625 promptuS,
973 2559 1234 2610 Marcellus
1272 2560 1442 2611 Asinio
1480 2561 1699 2612 Pollione
1729 2575 1914 2625 proavo

240 2631 398 2680 clarus
435 2646 593 2696 neque
628 2645 813 2680 morum
848 2630 1148 2695 spernendus
1182 2630 1472 2694 habebatur,
1505 2633 1592 2680 nisi
1631 2629 1758 2695 quod
1796 2645 1911 2695 pan·

180 2715 220 2748 ιο
237 2708 474 2766 pertatem
502 2702 813 2767 praecipuum
840 2700 1082 2750 vmalorum
1109 2701 1355 2751 credebat.
1411 2703 1554 2766 igitur
1580 2700 1817 2751 Fabianus
1844 2707 1912 2749 ta-

237 2771 375 2819 bulas
416 2772 612 2821 adscitis
651 2785 772 2835 quos
808 2771 1068 2821 memoravi
1110 2778 1156 2819 et
1194 2771 1298 2820 aliis
1340 2772 1491 2819 minus
1522 2769 1797 2819 inlustribus
1828 2769 1911 2819 ob·

241 2841 413 2903 signat.
465 2840 592 2906 quod
622 2840 747 2905 apud
775 2848 938 2905 patres
966 2841 1262 2905 convictum,
1300 2849 1347 2890 et
1382 2840 1619 2890 Fabianus
1653 2839 1909 2888 Antonius-

242 2925 334 2974 que
364 2926 466 2959 cum
501 2911 673 2960 Rufino
711 2918 758 2959 et
784 2911 1009 2960 Terentio
1048 2911 1160 2973 lege
1188 2910 1413 2960 Cornelia
1450 2909 1738 2959 damnantur.
1787 2909 1920 2958 Mar·-
