1976 3224
594 202 770 239 121ssssss
804 201 881 239 1v.
918 201 1042 239 oAP.
1081 200 1240 241 1—5.
1676 190 1782 240 115-

104 334 331 399 pudicitia
350 333 440 381 alia
463 329 727 394 abnuerit),
749 330 809 378 ad
832 331 1043 392 coniugii
1067 344 1219 393 spem,
1251 330 1546 378 consortium
1566 329 1706 392 regni
1728 336 1776 377 et

105 419 275 453 necem
308 404 462 451 mariti
504 400 703 464 impulit.
768 407 914 462 atque
952 399 1059 462 illa,
1099 400 1172 449 cui
1213 399 1485 447 avunculus
1509 397 1775 463 AugustuS,

107 476 251 523 socer
279 471 518 534 TiberiuS,
554 485 617 518 ex
639 470 798 518 Druso
827 468 993 530 libe1i,
1034 484 1184 533 seque
1214 483 1270 517 ac
1299 471 1509 517 maiores
1536 476 1584 517 et
1610 476 1774 533 poste-

106 558 190 593 ros
229 541 504 605 municipali
541 540 760 595 adultero
796 538 1052 601 foedabat,
1089 546 1136 586 ut
1171 553 1262 603 pro
1298 538 1516 587 honestis
1554 545 1601 586 et
1634 551 1836 603 prae-15

107 612 321 662 sentibus
356 610 598 673 flagitiosa
638 617 686 658 et
719 611 904 658 incerta
941 615 1267 672 exspectaret.
1335 611 1532 657 sumitur
1578 609 1626 656 in
1661 623 1775 657 con·

107 682 352 732 scientiam
375 680 644 743 Eudemus,
677 681 858 728 amicus
891 693 949 727 ac
984 677 1199 727 medicus
1231 678 1421 741 Liviae,
1454 679 1624 742 specie
1661 679 1778 727 artis

105 753 334 816 frequens
372 751 595 798 secretis.
661 748 799 813 pellit
833 748 975 797 domo
1015 748 1217 796 Seianus
1266 763 1468 797 uxorem
1503 748 1776 812 Apicatam,

106 837 168 871 ex
194 835 286 886 qua
309 827 410 868 tres
439 819 624 868 liberos
652 826 910 889 genuerat,
950 823 1011 865 ne
1049 818 1225 881 paelici
1262 825 1639 882 suspectaretur.
1690 818 1778 867 sed

106 889 390 955 magnitudo
421 890 653 938 facinoris
690 895 893 950 metum,
946 887 1274 951 prolationes,
1315 888 1507 936 diversa
1542 884 1776 938 interdum
1791 899 1836 933 2⁰

108 960 308 1010 consilia
334 958 602 1009 adferebat.
1397 981 1403 987 ·

245 1029 497 1078 .Interim
537 1029 645 1077 anni
683 1028 923 1092 principio
957 1023 1145 1075 Drusus
1195 1042 1257 1075 ex
1295 1027 1566 1077 Germanici
1608 1027 1776 1077 liberis

104 1033 266 1163 togam
293 1099 480 1147 virilem
506 1096 722 1162 sumpsit,
749 1111 968 1161 quaeque
993 1097 1130 1146 fratri
1156 1097 1259 1145 eius
1278 1095 1464 1146 Neroni
1490 1097 1778 1148 decreverat

106 1176 297 1218 senatus
321 1169 546 1233 repetita.
596 1167 774 1216 addidit
801 1167 1067 1216 orationem
1099 1164 1298 1230 Caesar,
1328 1167 1473 1215 multa
1502 1182 1607 1215 cum
1634 1168 1776 1218 laude

106 1239 190 1288 filii
215 1239 303 1301 sui,
333 1238 461 1303 quod
490 1239 641 1302 patria
668 1236 1008 1285 benevolentia
1034 1237 1083 1284 in
1102 1235 1265 1285 fratris
1285 1236 1470 1286 liberos
1490 1237 1633 1287 foret.
1668 1254 1775 1288 nam

103 1309 311 1371 Drusus,
348 1322 627 1372 quamquam
652 1306 845 1356 arduum
879 1308 944 1354 sit
970 1306 1140 1354 eodem
1168 1306 1267 1356 loci
1292 1308 1555 1372 potentiam
1586 1315 1634 1355 et
1662 1322 1774 1356 con·
1793 1326 1813 1357 5

107 1377 317 1427 cordiam
345 1392 482 1439 esse,
522 1392 705 1441 aequus
733 1375 1122 1425 adulescentibus
1152 1384 1230 1425 aut
1256 1384 1391 1426 certe
1418 1391 1513 1425 non
1540 1377 1776 1426 adversus

105 1446 383 1496 habebatur.
436 1448 561 1496 exim
599 1453 737 1495 vetus
775 1453 822 1494 et
861 1461 1012 1509 saepe
1048 1446 1316 1495 simulatum
1351 1447 1698 1511 proficiscendi
1729 1449 1778 1496 in

105 1517 378 1581 provincias
400 1516 648 1565 consilium
667 1516 891 1564 refertur.
915 1515 1257 1565 multitudinem
1277 1523 1616 1565 veteranorum
1634 1532 1774 1582 prae-

103 1586 300 1635 texebat
339 1586 602 1650 imperator
642 1593 691 1634 et
726 1585 980 1634 dilectibus
1020 1585 1322 1650 supplendos
1361 1588 1631 1636 exercitus:
1669 1602 1776 1636 nam

104 1656 418 1705 voluntarium
444 1656 640 1704 militem
669 1655 863 1717 deesse,
894 1670 952 1707 ac
976 1656 1016 1703 si
1043 1655 1336 1719 suppeditet,
1364 1670 1460 1704 non
1486 1657 1654 1705 eadem
1679 1658 1772 1706 vir·
1794 1674 1832 1707 ιο

104 1733 202 1774 tute
225 1741 282 1775 ac
300 1725 533 1774 modestia
556 1740 720 1788 agere,
750 1726 857 1788 quia
880 1725 1164 1789 plerumque
1186 1726 1360 1789 inopes
1385 1741 1444 1775 ac
1462 1728 1576 1790 vagi
1597 1734 1772 1791 sponte

103 1795 310 1845 militiam
349 1801 547 1844 sumant.
602 1796 975 1859 percensuitque
1029 1797 1200 1843 cursim
1249 1811 1492 1844 numerum
1528 1797 1774 1859 legionum

106 1871 151 1911 et
178 1879 296 1927 quas
326 1865 598 1928 provincias
627 1872 904 1912 tutarentur.
957 1864 1086 1927 quod
1124 1864 1235 1912 mihi
1270 1879 1462 1929 quoque
1502 1881 1772 1931 exsequen-

107 1933 212 1981 dum
236 1947 364 1995 reor,
394 1948 515 1996 quae
542 1941 652 1980 tunc
671 1934 886 1982 Romana
914 1936 1058 1997 copia
1088 1935 1133 1981 in
1167 1936 1323 1997 armis,
1353 1936 1431 1998 qui
1458 1936 1579 1984 socii
1606 1951 1771 1999 regeS,

107 2008 277 2066 quanto
305 2003 362 2050 sit
389 2003 634 2064 angustius
655 2002 989 2065 imperitatum.
1790 2016 1829 2048 125

47 2128 55 2131 ,
205 2072 250 2120 5.
295 2070 475 2120 Italiam
513 2079 718 2135 utroque
756 2073 871 2119 mari
905 2072 1026 2120 duae
1065 2072 1277 2135 classeS,
1309 2073 1543 2122 Misenum
1569 2074 1694 2138 apud
1726 2082 1774 2122 et

104 2142 404 2204 Ravennam,
448 2142 810 2205 proximumque
842 2140 1026 2190 Galliae
1054 2142 1164 2190 litus
1190 2150 1428 2191 rostratae
1456 2158 1604 2192 naves
1631 2159 1771 2208 prae-

105 2209 318 2259 sidebant
333 2179 492 2274 ,q7uas
517 2209 717 2259 Actiaca
749 2211 954 2260 victoria
984 2219 1151 2276 captas
1176 2212 1425 2275 Augustus
1469 2214 1514 2260 in
1543 2214 1772 2294 oppidum

0 2293 1 2312 ³
60 2279 437 2328 ,Foroiuliense
477 2282 672 2329 miserat
707 2280 867 2329 valido
912 2296 1016 2329 cum
1063 2284 1266 2345 remige.
1326 2281 1411 2331 sed
1459 2285 1771 2349 praecipuum

102 2348 248 2398 robur
275 2348 491 2399 Rhenum
519 2351 673 2413 iuxta,
708 2364 956 2399 commune
994 2352 1039 2398 in
1067 2351 1330 2400 Germanos
1362 2352 1624 2416 Gallosque
1659 2352 1767 2401 sub·
1788 2366 1808 2398 5

103 2418 291 2483 sidium,
332 2427 441 2469 octo
482 2420 705 2483 legiones
741 2428 891 2469 erant.
958 2421 1216 2485 Hispaniae
1255 2437 1429 2469 recens
1471 2422 1769 2485 perdomitae

102 2488 249 2538 tribus
274 2457 586 2538 habebantur.
625 2490 819 2538 Mauros
842 2489 958 2540 Iuba
984 2506 1072 2539 rex
1102 2499 1362 2555 acceperat
1393 2492 1565 2538 donum
1601 2491 1770 2555 populi

99 2558 313 2608 Romani.
369 2566 530 2608 cetera
567 2558 764 2607 Africae
805 2574 892 2623 per
929 2560 1046 2608 duas
1073 2560 1296 2622 legiones
1335 2562 1534 2623 parique
1572 2573 1767 2607 numero

101 2628 385 2694 AegyptuS,
424 2628 595 2677 dehinc
632 2629 763 2677 initio
792 2629 849 2676 ab
879 2631 1047 2677 Suriae
1076 2645 1227 2692 usque
1259 2629 1316 2676 ad
1345 2630 1516 2677 flumen
1550 2628 1766 2692 Euphra-

103 2705 207 2760 ten,
247 2706 467 2762 quantum
493 2698 674 2761 ingenti
700 2704 931 2746 terrarum
960 2700 1062 2746 sinu
1094 2699 1320 2759 ambitur,
1351 2706 1575 2761 quattuor
1614 2699 1764 2760 legio·
1787 2713 1826 2745 10

101 2766 238 2816 nibus
286 2769 520 2830 coercita,
568 2767 750 2816 accolis
781 2767 963 2816 Hibero
1002 2768 1291 2830 Albanoque
1329 2776 1376 2815 et
1414 2767 1516 2816 aliis
1555 2768 1767 2831 regibuS,

105 2837 183 2898 qui
228 2837 547 2900 magnitudine
595 2844 756 2885 nostra
804 2846 1121 2901 proteguntur
1159 2837 1410 2885 adversum
1448 2844 1646 2885 externa
1685 2838 1765 2886 im-

107 2905 254 2967 peria.
307 2914 354 2954 et
392 2907 674 2955 Thraeciam
709 2906 1084 2955 Rhoemetalces
1114 2922 1170 2955 ac
1202 2906 1340 2954 liberi
1371 2905 1563 3023 CotyiSS,
1594 2909 1762 2970 ripam-

1557 2978 1579 3006 ἲ*
