1976 3224
2 2559 9 2797 Q

7 2987 11 3022 ἱ

8 3030 13 3135 ‘s

0 3147 14 3224 ,ῑ

406 201 577 237 LIBER
601 200 675 236 v1.
710 199 832 236 CAP.
856 196 912 239 56
936 185 1055 254 (50).
1091 199 1203 234 LIB.
1233 198 1309 235 x1.
1340 197 1463 235 CAP.
1495 198 1535 238 1.
1703 184 1802 235 179

467 383 1023 450 CORNELII
1079 383 1470 448 TACITI

561 525 636 576 AB
682 514 930 576 EXCESSU
974 524 1095 575 Divi
1141 522 1389 576 AUGUSTI

377 654 1559 735 ANNALIUM

757 804 1025 858 LIBER
1067 804 1186 855 XI.

139 1044 495 1112 BREVIARHJM.
532 1068 632 1121 Cap.
663 1069 702 1108 1.
732 1070 773 1108 2.
800 1068 842 1110 3.
876 1069 1071 1108 Valerius
1099 1068 1310 1108 Asiaticus
1339 1080 1363 1107 a
1393 1066 1539 1107 smnio
1566 1072 1606 1106 et
1637 1065 1802 1107 Sosibio

191 1132 410 1167 accusatus
439 1125 586 1165 fraude
609 1125 860 1166 Messalinae
889 1132 929 1165 et
955 1125 1111 1165 Vitellii
1135 1125 1358 1173 evertitur,
1391 1131 1431 1164 et
1451 1123 1584 1164 hilare
1609 1124 1798 1164 moritur.

192 1186 232 1224 4.
269 1183 485 1223 Somnium
511 1183 712 1222 saevitiae
733 1194 874 1222 causa.
919 1182 961 1223 5.
988 1184 1035 1222 In
1063 1182 1283 1236 perfidiam
1306 1181 1603 1222 advocatorum
1620 1181 1690 1221 lex
1706 1180 1803 1222 Cin-

194 1242 258 1281 cia
297 1240 522 1293 flagitatur.
582 1238 624 1280 6.
667 1239 708 1278 7.
759 1239 962 1279 Praemiis
998 1251 1074 1292 pro
1109 1239 1342 1292 patrocinio
1385 1237 1536 1278 modus
1559 1239 1742 1292 ponitur
1778 1249 1799 1277 a

223 1309 394 1350 nnclpe.
1036 1338 1046 1341 Δ

192 1311 219 1351 p
274 1353 315 1394 8.
343 1352 484 1393 Parthi
509 1353 763 1394 discordant.
808 1352 1008 1394 Gotarzes
1033 1355 1182 1407 pulsus
1208 1353 1321 1393 vires
1347 1358 1529 1406 reparat.
1573 1352 1615 1394 9.
1652 1353 1803 1392 Pacem

191 1412 266 1451 init
295 1421 388 1450 cum
413 1409 625 1450 Vardane.
675 1410 740 1451 10.
773 1410 847 1450 Hic
873 1411 1005 1451 victor
1034 1423 1058 1451 a
1084 1411 1172 1451 suis
1208 1409 1409 1452 caeditur.
1467 1410 1535 1451 11.
1574 1409 1682 1449 Ludi
1709 1421 1801 1448 sae-

193 1468 368 1508 culares.
418 1466 624 1507 Domitius
650 1466 759 1507 Nero
785 1467 1016 1508 destinatur
1046 1468 1235 1521 imperio.
1287 1467 1352 1507 12.
1394 1466 1622 1507 Messalina
1653 1464 1802 1506 Silium

191 1524 365 1578 deperit.
418 1523 486 1565 13.
522 1524 721 1565 Claudius
757 1525 872 1565 aliud
910 1525 1014 1578 agit.
1066 1525 1204 1578 Leges
1234 1523 1335 1578 fert.
1407 1523 1549 1564 Novas
1586 1523 1801 1563 literarum

192 1581 350 1622 formas
376 1582 536 1634 vulgat.
606 1581 674 1621 14.
718 1581 779 1622 De
804 1581 1018 1622 literarum
1045 1580 1349 1622 inventoribus.
1400 1580 1468 1621 15.
1499 1579 1698 1620 Claudius
1724 1578 1799 1619 ha-

189 1637 377 1691 ruspices
403 1637 551 1680 firmat.

277 1693 346 1735 16.
382 1695 550 1736 Italicus
588 1708 664 1736 rex
693 1695 914 1737 Cheruscis
943 1694 1182 1750 petentibus
1217 1693 1353 1734 datur.
1411 1693 1480 1734 17.
1529 1694 1628 1734 Mox
1665 1694 1717 1733 de
1750 1706 1798 1734 eo

189 1751 399 1792 discordia
426 1752 565 1805 gentis
594 1759 633 1792 et
663 1753 833 1793 bellum.
878 1753 951 1794 ⁷18.
989 1751 1255 1792 Rebellantes
1289 1749 1481 1792 Chaucos
1517 1750 1695 1791 Corbulo
1732 1763 1800 1790 re-

188 1808 343 1862 primit.
389 1810 430 1849 Is
457 1821 600 1850 severe
623 1811 712 1864 agit
737 1811 780 1849 in
800 1810 969 1851 milites.
1005 1809 1072 1851 19.
1095 1809 1251 1848 Frisios
1273 1806 1497 1861 componit.
1536 1806 1802 1848 Gannascum

191 1864 338 1904 caedit.
392 1864 462 1905 20.
494 1865 631 1906 Ardor
662 1868 753 1907 eius
779 1879 804 1906 a
831 1866 1004 1907 Claudio
1031 1877 1268 1919 repressus.
1307 1865 1482 1905 Fossam
1506 1866 1614 1905 inter
1637 1864 1800 1904 Mosam

193 1927 231 1960 et
256 1919 447 1960 Rhenum
470 1922 596 1962 ducit.
654 1923 844 1976 Insignia
871 1922 1071 1977 triumphi
1096 1923 1134 1962 ei
1158 1921 1334 1962 indulta.
1381 1921 1452 1961 21.
1490 1921 1559 1962 Sic
1586 1928 1626 1962 et
1657 1921 1798 1962 Curtio

190 1976 312 2016 Rufo.
359 1978 428 2017 22.
447 1977 607 2019 Nonius
630 1979 752 2032 perit.
784 1979 845 2018 De
868 1979 1102 2033 spectaculo
1126 1978 1407 2032 gladiatorum
1431 1984 1470 2018 et
1490 1979 1797 2030 quaestoribus.

278 2033 347 2076 23.
366 2035 436 2077 24.
471 2032 575 2074 Galli
603 2035 810 2075 civitatem
834 2036 1001 2088 plenam
1029 2036 1222 2076 affectant
1247 2040 1286 2074 et
1302 2036 1493 2088 principe
1510 2035 1800 2089 patrocinante

190 2091 258 2131 25.
288 2090 523 2145 impetrant,
553 2098 591 2132 et
618 2092 752 2146 primo
782 2092 950 2143 quidem
976 2093 1127 2133 Aedui.
1180 2091 1348 2131 Patricii
1371 2092 1569 2145 suppleti.
1600 2091 1799 2132 Lustrum

190 2147 418 2190 conditum.

274 2203 343 2245 26.
366 2205 436 2244 27.
469 2204 694 2246 Messalina
726 2218 868 2246 amore
903 2218 1091 2246 vaecors.
1125 2205 1225 2247 Silio
1247 2207 1386 2260 palam
1410 2206 1541 2249 nubit.
1588 2204 1659 2248 28.
1692 2205 1798 2244 Tur-

188 2262 338 2301 bantur
359 2261 498 2305 aulici.
546 2261 615 2303 29.
643 2261 713 2304 30.
751 2262 972 2304 Narcissus
994 2275 1070 2308 ner
1085 2264 1266 2311 paelices
1291 2277 1379 2304 rem
1397 2263 1544 2304 defert.
1579 2262 1647 2304 31.
1675 2261 1798 2304 Clau—

188 2318 283 2358 dius
303 2318 495 2372 trepidat.
538 2318 763 2360 Messalina
786 2318 1031 2368 baec-hatum
1065 2320 1135 2363 32.
1169 2333 1316 2374 preces
1336 2333 1412 2376 per
1431 2318 1646 2360 Vestalem
1662 2325 1796 2374 parat.

188 2374 259 2417 33.
292 2375 513 2416 Narcissus
535 2377 765 2430 principem
788 2383 1000 2417 nutantem
1029 2377 1184 2427 incitat,
1212 2377 1280 2419 34.
1306 2390 1453 2431 preces
1482 2377 1688 2425 amolitur,
1725 2375 1795 2416 35.

189 2431 257 2474 36.
292 2433 488 2482 sontium,
515 2434 558 2473 in
587 2433 652 2474 his
679 2433 914 2483 Mnesteris,
942 2433 1192 2487 supplicium
1225 2442 1361 2488 urget.
1403 2435 1473 2477 37.
1504 2432 1573 2474 38.
1606 2432 1797 2473 Messali-

188 2501 285 2529 nam
306 2489 532 2543 languente
557 2490 771 2544 principe,
807 2490 903 2531 dein
936 2491 1100 2544 ignaro,
1128 2492 1246 2532 caedi
1273 2499 1401 2532 curat.
1450 2492 1561 2530 Haec
1581 2495 1701 2542 gesta
1722 2500 1797 2528 an-

188 2547 253 2586 nis
281 2545 368 2586 fere
395 2546 574 2595 duobus,
600 2546 662 2590 Ti.
694 2547 867 2588 Claudio
896 2546 1073 2588 Caesare
1094 2548 1170 2589 1111
1191 2549 1238 2588 L.
1262 2548 1431 2588 Vitellio
1456 2548 1527 2595 ΙΙΙ,
1556 2546 1607 2586 A.
1629 2544 1796 2584 Vitellio

189 2602 237 2645 L.
266 2602 472 2656 Vipstano
500 2614 610 2644 coss.

238 2683 284 2731 1.
316 2680 378 2712 **
399 2697 506 2731 nam
524 2682 769 2731 Valerium
791 2682 1065 2745 Asiaticum,
1094 2683 1168 2730 bis
1191 2683 1452 2744 consulem,
1478 2682 1627 2743 fuisse
1647 2695 1792 2745 quon-

133 2749 238 2799 dam
269 2751 531 2803 adulterum
558 2753 658 2800 eius
686 2752 909 2807 credidit:
938 2753 1214 2816 pariterque
1247 2751 1399 2800 hortis
1434 2750 1643 2814 inhianS,
1672 2765 1793 2815 quos

135 2818 215 2868 ille
242 2833 268 2868 a
290 2819 488 2870 Lucullo
519 2828 724 2886 coeptos
754 2821 929 2883 insigni
956 2821 1308 2885 magnificentia
1337 2818 1629 2882 extollebat,
1671 2820 1791 2868 Suil-

135 2886 245 2936 lium
270 2890 554 2950 accusandis
581 2891 792 2956 utrisque
818 2891 1033 2939 immittit.
1067 2890 1336 2954 adiungitur
1363 2889 1583 2939 Sosibius
1610 2890 1787 2939 Britan-

1499 2959 1599 3008 12*
