1976 3224
170 270 172 273 ἱ
207 209 307 258 156
614 218 888 256 CORNELII
913 217 1109 256 TACITI
1135 219 1440 258 ANNALwM

204 355 252 397 et
287 355 399 396 tunc
442 345 646 395 luendae
692 360 879 410 poenae
925 347 1104 409 primus
1147 347 1247 394 fuit.
1315 348 1439 395 inter
1482 363 1605 414 quae
1651 347 1871 398 Haterius

162 432 181 462 5
204 418 424 481 Agrippa
456 415 683 464 consules
709 416 813 463 anni
842 415 1017 479 prioris
1042 417 1232 478 invasit,
1265 430 1350 464 cur
1380 425 1537 466 mutua
1563 419 1872 468 accusatione

202 488 379 535 intenta
405 500 529 534 nunc
555 484 777 533 silerent:
814 491 987 533 metum
1008 498 1218 548 ‘prorsus
1254 493 1302 534 et
1325 487 1517 535 noxiam
1545 489 1872 537 conscientiae

203 570 291 620 pro
318 555 525 604 foedere
545 553 715 602 haberi
732 572 743 610 ;
781 561 826 603 at
853 567 950 602 non
979 553 1205 617 patribus·
1228 556 1476 605 reticenda
1510 570 1633 620 quae
1669 556 1871 606 audivis-

202 632 324 673 sent.
387 624 605 688 Regulus
640 638 833 671 manere
867 631 1054 687 tempus
1094 624 1314 687 ultioniS,
1356 640 1507 690 seque
1547 640 1707 675 coram
1747 628 1871 708 priu-

203 696 309 760 cipe
334 701 700 749 exsecuturum3
728 692 842 741 Trio
870 693 1234 742 aemulationem
1258 695 1381 743 inter
1411 695 1631 759 collegas
1651 703 1700 745 et
1720 697 1759 744 si
1779 711 1871 760 qua

142 783 183 815 10
201 764 455 812 discordes
501 764 732 811 iecissent
775 762 945 811 melius
989 752 1239 812 obliterari
1294 764 1575 829 respondit.
1635 771 1870 828 urguente

198 834 422 899 Agrippa
451 833 736 913 Sanquinius
761 831 993 881 Maximus
1025 847 1052 880 e
1084 832 1415 883 consularibus
1451 835 1607 884 oravit
1636 842 1869 899 senatum,

196 919 257 951 ne
293 917 432 952 curas
457 902 764 966 imperatoris
799 902 1079 965 conquisitis
1108 904 1311 967 insuper
1346 903 1688 953 acerbitatibus
1725 919 1868 967 auge-

196 979 327 1021 rent:
359 973 585 1021 sufficere
611 973 765 1035 ipsum
794 970 1058 1020 statuendis
1096 972 1337 1022 remediis.
1404 975 1475 1022 sic
1507 973 1700 1038 Regulo
1739 974 1870 1022 salus

196 1048 243 1090 et
270 1041 433 1090 Trioni
459 1041 624 1089 dilatio
654 1041 785 1089 exitii
821 1042 1051 1105 quaesita.
1124 1040 1347 1091 HaterIus
1380 1043 1582 1092 invisior
1611 1043 1724 1107 fuit,
1761 1044 1868 1108 quia

139 1132 179 1163 ιε,
200 1125 368 1159 somno
398 1118 477 1159 aut
506 1109 775 1158 libidinosis
803 1110 982 1174 vigiliis
1010 1111 1248 1160 marcidus
1268 1119 1322 1169 ‚et
1346 1111 1409 1161 ob
1435 1114 1689 1176 segnitiam
1709 1128 1867 1178 quam-

194 1182 268 1229 vis
297 1180 540 1229 crudelem
569 1180 839 1244 principem
867 1193 963 1228 non
997 1187 1216 1229 metuens
1243 1181 1522 1231 inlustribus
1560 1183 1674 1230 viris
1707 1183 1864 1248 perni-

157 1310 160 1313 ι
195 1251 316 1317 ciem
343 1251 466 1298 inter
491 1264 695 1312 ganeam
722 1264 780 1297 ac
808 1256 972 1313 stupra
997 1250 1326 1299 meditabatur.

125 1309 199 1364 ‘5
219 1311 278 1319 “’
294 1312 405 1368 11.
419 1318 566 1368 Exim
599 1317 739 1367 Cotta
764 1318 1073 1383 Messalinus,
1120 1322 1431 1370 saevissimae
1479 1323 1708 1387 cuiusque
1758 1337 1845 1371 sen

194 1389 371 1438 tentiae
400 1397 567 1439 auctor
593 1402 748 1452 eoque
776 1389 1043 1437 inveterata
1070 1389 1272 1452 invidia,
1317 1390 1398 1438 ubi
1423 1392 1622 1456 primum
1662 1392 1865 1441 facultas

193 1458 327 1519 data,
379 1459 590 1521 arguitur
636 1458 894 1522 pleraque:
947 1457 1110 1507 Gaiam
1156 1458 1416 1508 Caesarem
1466 1462 1603 1525 quasi
1650 1463 1865 1511 incertae

96 1575 99 1594 J
191 1528 455 1591 virilitatis,
493 1535 541 1575 et
570 1533 674 1576 cum
700 1527 777 1575 die
804 1527 947 1577 natali
983 1528 1233 1591 Augustae
1269 1530 1392 1577 inter
1427 1530 1713 1579 sacerdotes
1750 1546 1862 1595 epu-

92 1609 97 1658 f
151 1617 169 1646 5
193 1597 388 1659 lai-etur,
415 1596 750 1646 novendialem
776 1611 880 1646 eam
907 1612 1073 1646 cenam
1101 1597 1304 1654 dixisse;
1345 1613 1649 1663 querensque
1690 1599 1749 1648 de
1778 1614 1861 1664 po-

92 1663 94 1678 ²
188 1667 334 1715 tentia
358 1635 447 1715 M’.
475 1666 642 1730 Lepidi
669 1681 727 1715 ac
750 1666 801 1714 L.
827 1666 1055 1729 Arruntii,
1085 1675 1189 1716 cum
1217 1666 1387 1731 quibus
1417 1667 1479 1715 ob
1508 1683 1608 1717 rem
1638 1669 1860 1733 pec-unia-

187 1738 305 1785 riam
341 1735 669 1800 disceptabat,
708 1735 974 1784 addidisse:
1017 1736 1155 1784 ‘illos
1195 1737 1383 1802 quidem
1414 1745 1634 1800 senatuS,
1674 1753 1749 1787 me
1779 1753 1859 1786 au·

186 1813 281 1853 tem
300 1804 508 1853 tuebitur
530 1804 805 1853 Tiberiolus
829 1819 978 1853 meus.
983 1809 1000 1832 '
1040 1821 1162 1870 quae
1184 1813 1354 1855 cuncta
1381 1821 1406 1855 a
1430 1807 1721 1871 primoribus
1746 1809 1860 1856 civi-

91 1925 93 1943 ,
187 1876 294 1923 tatis
316 1873 677 1936 revincebatur,
707 1875 860 1939 iisque
880 1875 1164 1924 instantibus
1185 1875 1243 1925 ad
1261 1877 1601 1940 imperatorem
1622 1891 1860 1942 provoca·

88 1970 93 2003 t
128 1963 169 1995 ιο
187 1945 268 1992 vit.
293 1956 390 1992 nec
409 1943 556 1994 multo
578 1951 690 2008 post
709 1943 879 1993 literae
903 1943 1194 2008 adferuntur,
1218 1945 1423 2009 quibus
1410 1961 1455 1993 ln
1482 1946 1672 1995 modum
1693 1946 1858 1995 defen-

91 2008 93 2011 ’
187 2015 350 2076 sioniS,
365 2016 574 2078 repetito
587 2015 777 2062 interse
792 2021 933 2078 atque
948 2012 1135 2063 Cottam
1149 2016 1383 2064 amicitiae
1400 2016 1636 2081 principio
1652 2015 1857 2065 crebris-

186 2098 279 2148 que
299 2084 401 2132 eius
417 2084 591 2132 officiis
610 2084 1007 2146 commemoratiS,
1031 2099 1092 2132 ne
1104 2084 1251 2133 verba
1267 2099 1416 2150 prave
1434 2084 1620 2135 detorta
1637 2101 1728 2135 neu
1745 2099 1856 2135 con-

84 2201 89 2216 ,
184 2153 407 2202 vivalium
428 2153 694 2201 fabularum
715 2153 1029 2216 simplicitas
1016 2169 1060 2201 m
1094 2156 1272 2203 crimen
1294 2154 1552 2203 duceretur
1578 2155 1840 2220 postulavit

126 2227 154 2271 6
295 2223 374 2270 12.
415 2222 610 2285 Insigne
641 2223 792 2271 visum
820 2231 893 2271 est
920 2238 1079 2272 earum
1108 2217 1330 2273 Caesaris
1370 2224 1613 2273 literarum
1649 2225 1853 2280 initium;

79 2286 87 2346 Ξ
183 2306 289 2340 nam
316 2291 389 2338 his
414 2292 589 2339 verbis
606 2306 810 2340 exorsus
840 2299 936 2340 est:
967 2292 1107 2355 equid
1136 2293 1342 2341 scribam
1368 2293 1523 2355 vobiS,
1551 2302 1714 2357 patres
1741 2309 1853 2343 con-

74 2350 84 2431 ξ
183 2362 377 2424 scripti,
412 2368 491 2408 aut
519 2375 614 2424 quo
645 2361 788 2409 modo
816 2360 1022 2409 scribam
1058 2370 1136 2409 aut
1163 2362 1272 2425 quid
1301 2364 1490 2410 omnino
1518 2377 1611 2411 non
1647 2363 1852 2412 scribam

69 2449 78 2501 ξ
181 2430 279 2478 hoc
299 2437 544 2493 tempore,
578 2429 624 2477 di
651 2445 726 2477 me
754 2429 972 2493 deaeque
998 2432 1135 2494 peius
1160 2431 1366 2494 perdant
1406 2445 1544 2494 quam
1580 2434 1740 2496 perire
1776 2447 1852 2479 me

71 2512 73 2516 ·
141 2514 161 2546 5
185 2498 360 2552 cotidie
393 2501 565 2561 sentio,
593 2499 633 2546 si
659 2501 811 2547 scio,'
862 2499 984 2548 adeo
1017 2499 1233 2558 facinora
1259 2508 1402 2564 atque
1428 2501 1606 2564 flagitia
1640 2516 1723 2549 sua
1759 2502 1851 2564 ipsi

64 2565 67 2571 ⁴
183 2583 375 2633 quoque
404 2570 449 2616 in
479 2567 765 2633 supplicium
791 2575 1050 2617 verterant.
1104 2584 1263 2633 neque
1294 2569 1470 2618 frustra
1497 2571 1848 2634 praestantissi-

58 2685 65 2703 ι
178 2653 282 2687 mus
308 2639 575 2703 sapientiae
602 2639 788 2686 firmare
821 2638 990 2686 solitus
1016 2646 1104 2701 est,
1134 2640 1172 2687 si
1199 2639 1506 2687 recludantur
1540 2647 1848 2700 tyrannorum

60 2707 68 2764 ἱ
178 2715 382 2770 menteS,
414 2722 558 2771 posse
587 2707 740 2771 aspici
764 2707 966 2755 laniatus
996 2716 1043 2756 et
1069 2710 1206 2771 ictuS,
1233 2709 1420 2773 quando
1441 2716 1490 2756 ut
1511 2722 1718 2773 corpora
1739 2723 1845 2756 ver-

63 2775 74 2834 ³.
178 2775 393 2837 heribus,
420 2778 483 2825 ita
512 2777 730 2839 saevitia,
759 2776 972 2837 libidine,
998 2777 1134 2825 malis
1157 2778 1388 2826 consultis
1411 2779 1591 2836 animus
1614 2777 1843 2826 dilacere-

71 2845 78 2879 ’ἵ
124 2852 269 2894 iotur.
321 2848 500 2909 quippe
528 2845 769 2894 Tiberium
796 2860 891 2893 non
918 2846 1135 2908 fortuna,
1171 2862 1264 2895 non
1299 2846 1581 2895 solitudines
1617 2854 1842 2910 protege-

181 2914 291 2980 bant
319 2914 429 2976 quin
460 2921 695 2962 tormenta
723 2916 939 2978 pectoris
966 2929 1174 2977 suasque
1206 2917 1312 2979 ipse
1339 2929 1521 2979 poenas
1549 2916 1794 2964 fateretur.
