1976 3224
611 170 784 206 numa
804 171 897 207 xv.
929 170 1052 208 CAP.
1076 168 1274 212 61—67.
1670 162 1765 211 311

114 303 408 361 promptum,
444 312 538 345 non
576 296 772 345 defuere
809 299 887 362 qui
922 297 1202 360 crederent,
1241 298 1397 347 donec
1433 299 1810 363 inplacabilem5

34 426 38 433 ι
109 365 353 414 Neronem
380 366 609 427 timuerit,
647 367 817 415 famam
856 369 1072 415 sociatae
1114 383 1217 416 cum
1252 370 1422 417 marito
1457 370 1623 417 mortis
1650 371 1768 433 peti-

109 438 255 498 visse,
287 435 460 483 deinde
488 434 647 484 oblata
683 437 870 485 mitiore
903 451 991 501 spe
1025 436 1357 486 blandimentis
1384 439 1511 487 vitae
1542 440 1767 495 evictam;

111 507 183 552 cui
219 504 398 552 addidit
434 519 617 569 paucos
652 514 824 569 postea
863 521 1041 568 ann05,
1083 506 1308 555 laudabili
1345 508 1391 554 in
1426 509 1774 556 maritum'me-'

108 575 259 622 moria
295 582 344 622 et
378 588 464 622 ore
504 589 563 622 ac
605 575 830 624 membris
880 577 925 623 in
964 577 1340 641 eumepallorem
1378 577 1673 640 albentibus,
1722 584 1772 625 ut

110 645 315 692 ostentui
353 651 486 691 esset
519 644 712 692 multum
740 646 900 694 vitalis
931 646 1123 709 spiritus
1152 653 1385 708 egestum.
1437 647 1626 696 Seneca
1652 648 1767 695 inte·
1786 661 1827 693 ιο

109 715 225 776 rim,
265 713 463 762 durante
495 721 650 762 tractu
679 722 726 762 et
755 715 1032 764 lentitudine
1063 717 1259 778 mortiS,
1284 717 1481 764 Statium
1506 716 1769 778 Annaeum,

109 784 187 831 diu
212 782 303 830 sibi
329 783 565 831 amicitiae
593 783 686 831 lide
713 792 759 832 et
798 792 900 832 arte
926 784 1191 833 medicinae
1220 785 1499 849 probatum,
1529 794 1633 835 orat
1661 801 1769 851 pro-

110 855 259 900 visum
297 852 480 917 pridem
522 868 778 916 venenum,
818 868 911 917 quo
949 854 1151 902 damnati
1189 853 1386 919 publico
1412 854 1779 904 Atheniensium

108 922 283 970 iudicio
311 923 729 986 extinguerentur,
760 931 1029 986 promeret;
1068 923 1370 988 adlatumque
1395 924 1550 973 hausit
1576 925 1769 985 frustra,

108 991 310 1054 frigidus
345 992 436 1039 iam
474 998 602 1039 artus
646 999 693 1039 et
733 992 868 1040 cluso
909 1007 1118 1056 corpore
1163 994 1416 1042 adversum
1451 997 1542 1042 vim
1578 996 1766 1042 veneni.
1788 1008 1827 1040 15

109 1069 354 1126 postremo
393 1068 612 1122 stagnum
651 1058 835 1110 calidae
873 1077 1026 1125 aquae
1052 1064 1257 1126 introiit,
1286 1078 1584 1128 respergens
1611 1065 1769 1127 proxi-

107 1145 214 1178 mos
240 1144 490 1178 servorum
520 1129 678 1178 addita
706 1144 858 1192 voce,
902 1131 1056 1180 libare
1082 1147 1134 1180 se
1169 1132 1405 1196 liquorem
1430 1133 1559 1181 illum
1585 1132 1691 1180 Iovi
1718 1132 1770 1180 li-

107 1200 339 1248 beratori.
403 1200 528 1246 exim
572 1198 747 1247 balneo
795 1201 967 1248 inlatus
1009 1208 1057 1248 et
1103 1215 1285 1265 vapore
1322 1203 1424 1249 eius
1460 1203 1769 1264 exanimatus,

109 1271 213 1317 sine
246 1268 345 1317 ullo
393 1269 574 1316 funeris
611 1269 832 1317 sollemni
869 1278 1120 1319 crematur.
1171 1272 1234 1319 ita
1267 1270 1506 1319 codicillis
1532 1273 1768 1335 praescri-

108 1347 297 1403 pserat,
327 1353 432 1386 cum
459 1339 597 1386 etiam
616 1346 710 1386 tum
738 1338 995 1403 praedives
1021 1346 1068 1387 et
1095 1347 1390 1404 praepotens
1411 1341 1647 1405 supremis
1670 1342 1766 1390 suis
1785 1354 1828 1387 20

108 1408 400 1456 consuleret.

213 1478 297 1527 65.
342 1476 486 1525 Fama
523 1477 609 1524 fuit
646 1476 864 1525 Subrium
902 1477 1100 1526 Flavum
1145 1494 1249 1527 cum
1294 1478 1650 1527 centurionibus
1690 1493 1768 1527 oc-

109 1547 236 1595 culto
265 1546 498 1608 consilio,
536 1561 693 1610 neque
728 1554 884 1596 tamen
914 1547 1167 1610 ignorante
1192 1548 1403 1611 Seneca,
1433 1548 1768 1611 destinavisse,

108 1624 158 1664 ut
186 1623 296 1680 post
332 1617 548 1664 occisum
582 1630 733 1680 opera
761 1616 949 1665 Pisonis
974 1616 1218 1666 Neronem
1250 1617 1362 1666 Piso
1400 1632 1591 1682 quoque
1625 1619 1767 1666 inter·

109 1683 334 1734 ficeretur
368 1685 734 1749 tradereturque
770 1686 1016 1749 imperium
1043 1687 1289 1749 Senecae,
1332 1689 1465 1751 quasi
1503 1687 1769 1735 insontibus

108 1754 390 1803 claritudine
426 1755 648 1802 virtutum
685 1754 742 1803 ad
782 1770 1010 1804 summum
1048 1756 1288 1818 fastigium
1323 1755 1531 1806 delecto.
1583 1758 1693 1821 quin
1724 1764 1810 1804 et5

108 1822 257 1872 verba
277 1823 414 1871 Flavi
435 1822 769 1886 vulgabantur,
798 1839 894 1873 non
925 1826 1115 1873 referre
1145 1826 1429 1888 dedecoris,
1459 1827 1498 1874 si
1535 1826 1767 1874 citharoe-

112 1893 195 1941 dus
230 1892 570 1941 demoveretur
596 1900 643 1939 et
680 1894 944 1955 tragoedus
982 1894 1294 1958 succederet,
1323 1896 1432 1959 quia
1465 1904 1514 1944 ut
1546 1895 1677 1943 Nero
1708 1897 1769 1943 ci-

108 1962 257 2024 thara,
290 1964 349 2010 ita
380 1961 493 2010 Piso
524 1962 711 2023 tragico
740 1969 907 2010 ornatu
935 1963 1152 2011 canebat.

214 2031 296 2081 66.
340 2029 563 2079 Ceterum
595 2030 809 2079 militaris
853 2047 1043 2095 quoqne
1084 2034 1375 2096 conspiratio
1413 2048 1507 2081 non
1547 2033 1667 2082 ultra
1702 2033 1769 2081 fe-

106 2100 243 2163 fellit,
278 2101 498 2149 accensis
517 2099 751 2148 indicibus
773 2099 831 2148 ad
855 2101 1148 2164 prodendum
1168 2101 1392 2150 Faenium
1411 2102 1599 2164 Rufum,
1633 2117 1770 2165 quem

107 2170 308 2219 eundem
345 2170 589 2218 conscium
627 2176 675 2217 et
713 2170 1040 2232 inquisitorem
1077 2185 1170 2219 non
1206 2171 1492 2219 tolerabant.
1547 2186 1666 2233 ergo
1703 2172 1768 2218 in-

107 2240 246 2288 stanti
291 2239 616 2302 minitantique
662 2238 888 2287 renidens
937 2241 1201 2290 Scaevinus
1247 2241 1483 2288 neminem
1532 2241 1594 2289 ait
1635 2239 1770 2304 plura

106 2309 233 2357 scire
261 2322 400 2371 quam
430 2309 600 2372 ipsum,
631 2307 942 2371 hortaturque
976 2309 1097 2357 ultro
1131 2309 1355 2358 redderet
1379 2317 1471 2358 tam
1494 2309 1622 2358 bono
1645 2311 1768 2374 prin·
1790 2322 1809 2354 5

108 2378 202 2440 cipi
228 2379 399 2425 vicem.
451 2390 547 2424 non
572 2390 670 2424 vox
696 2376 950 2425 adversum
972 2393 1027 2426 ea
1052 2377 1250 2439 Faeni0,
1279 2393 1374 2427 non
1401 2379 1655 2441 silentium,
1684 2378 1771 2427 sed

106 2445 254 2494 verba
297 2460 380 2495 sua
419 2445 744 2509 praepediens
779 2453 826 2493 et
856 2448 1050 2510 pavoris
1078 2448 1380 2507 manifestus,
1422 2449 1695 2510 ceterisque
1723 2454 1769 2495 et

105 2517 310 2564 maxime
345 2513 578 2562 Cervario
614 2514 822 2563 Proculo
851 2517 1011 2579 equite
1050 2517 1269 2565 Romano
1307 2515 1365 2564 ad
1392 2516 1770 2564 convincendum

107 2599 212 2633 eum
241 2583 437 2644 conisiS,
466 2584 597 2630 iussu
624 2584 928 2647 imperatoris
949 2600 975 2633 a
1004 2584 1173 2634 Cassio
1194 2585 1356 2647 milite,
1391 2586 1471 2649 qni
1498 2584 1559 2632 ob
1580 2586 1768 2647 insigne

109 2655 332 2717 corporis
359 2651 506 2700 robur
531 2651 766 2713 adstabat,
797 2654 1053 2718 corripitur
1078 2655 1393 2717 vinciturque.
1750 2686 1753 2687 γ
1786 2667 1827 2700 10

213 2722 296 2771 67.
335 2721 449 2770 Mox
487 2720 744 2769 eorundem
781 2721 957 2770 indicio
986 2721 1184 2771 Subrius
1209 2722 1384 2771 Flavus
1422 2723 1634 2771 tribunus
1661 2738 1768 2787 per-

106 2791 334 2854 vertitur,
371 2791 522 2855 primo
559 2788 983 2839 dissimilitudinem
1018 2806 1197 2839 morum
1235 2791 1292 2839 ad
1318 2792 1647 2840 defensionem
1676 2799 1766 2840 tra-

107 2857 254 2922 hens,
280 2874 437 2923 neque
465 2873 518 2906 se
548 2866 771 2913 armatum
801 2875 903 2907 cum
931 2860 1187 2908 inermibus
1214 2869 1260 2908 et
1287 2862 1566 2914 effeminatis
1594 2867 1766 2908 tantum
