1976 3224
247 210 350 261 286
692 221 965 260 CORNELH
989 222 1182 260 TACITI
1205 224 1511 262 ANNALIUM

250 365 389 414 quam
427 364 531 397 cum
564 348 841 398 Corbulone
873 358 1105 413 certaret,
1149 351 1361 401 Corbulo
1388 353 1587 401 meritae
1618 361 1688 402 tot
1726 369 1815 418 per
1840 371 1922 405 an-

190 432 233 466 to
249 434 338 468 nos
368 418 558 483 gloriae
583 434 677 467 non
705 419 825 468 ultra
853 421 1117 484 periculum
1147 422 1349 470 faceret.
1390 436 1509 485 nam,
1535 429 1584 470 ut
1605 423 1784 487 rettuli,
1808 439 1919 489 pro·

251 490 405 553 prium
452 489 622 539 ducem
664 489 867 538 tuendae
905 489 1162 539 Armeniae
1209 499 1530 556 poposcerat,
1580 500 1626 540 et
1660 493 1920 543 adventare

250 558 548 608 Caesennius
579 559 754 608 Paetus
789 559 1082 609 audiebatur.
1132 563 1318 625 iamque
1346 560 1536 624 aderat,
1577 563 1736 627 copiis
1764 564 1826 612 ita
1853 563 1920 612 di·

247 630 388 692 visiS,
430 633 478 678 ut
505 637 672 694 quarta
714 637 760 678 et
800 629 1099 679 duodecuma
1127 630 1349 693 legiones
1389 630 1544 680 addita
1571 634 1761 695 quinta,
1798 648 1921 697 quae

246 714 422 748 recens
454 715 480 747 e
506 699 690 748 Moesis
718 702 878 748 excita
900 708 1020 762 erat,
1051 700 1187 749 simul
1209 700 1410 749 Pontica
1432 708 1478 749 et
1500 700 1772 751 Galatarum
1793 702 1919 768 Gap-

189 783 229 817 15
248 769 582 834 padocumque
608 769 784 819 auxilia
811 770 959 819 Paeto
999 770 1315 834 oboedirent,
1357 771 1498 819 tertia
1524 780 1572 820 et
1599 779 1737 821 sexta
1766 780 1814 821 et
1838 772 1918 822 de-

246 855 382 888 cuma
409 839 640 902 ‚legiones
683 841 917 905 priorque
947 842 1115 890 Suriae
1143 840 1281 889 miles
1319 840 1445 904 apud
1472 840 1800 891 Corbulonem
1825 857 1917 891 ma·

243 916 437 965 nerent;
469 917 633 958 cetera
660 925 721 958 ex
747 925 905 958 rerum
933 927 1017 959 usu
1042 912 1285 960 sociarent
1313 912 1679 975 partirenturve.
1722 912 1808 960 sed
1837 927 1918 960 ne·

245 995 338 1044 que
369 978 583 1028 Corbulo
615 980 785 1028 aemuli
816 982 1028 1044 patiens,
1068 987 1115 1029 et
1137 981 1339 1044 PaetuS,
1384 982 1459 1029 cui
1487 982 1601 1030 satis
1626 981 1686 1030 ad
1711 981 1917 1044 gloriam

247 1057 378 1113 erat,
410 1051 448 1097 si
477 1051 724 1114 proximus
749 1049 1032 1114 haberetur,
1069 1050 1372 1115 despiciebat
1406 1058 1573 1114 gesta,
1612 1051 1726 1100 nihil
1756 1050 1917 1100 caedis

186 1132 230 1167 20
249 1127 327 1170 aut
354 1119 588 1184 praedae,
630 1127 883 1184 usurpatas
921 1122 1113 1169 nomine
1142 1128 1280 1169 tenus
1318 1119 1503 1170 urbium
1529 1123 1918 1185 expugnationes

248 1190 496 1239 dictitans·
536 1205 589 1237 se
622 1190 792 1238 tributa
831 1205 889 1240 ac
916 1190 1057 1254 leges
1099 1198 1148 1240 et
1186 1205 1274 1256 pro
1305 1190 1469 1240 umbra
1495 1192 1629 1255 regis
1656 1191 1916 1240 Romanum

246 1261 318 1309 ius
345 1261 487 1308 victis
514 1261 858 1324 impositurum.

354 1331 400 1379 7.
444 1330 540 1378 Sub
575 1329 700 1378 idem
736 1338 924 1395 tempus
960 1330 1110 1394 legati
1148 1330 1442 1394 VologesiS,
1484 1346 1606 1395 quos
1646 1330 1705 1379 ad
1743 1331 1912 1396 princi-

245 1414 356 1466 pem
388 1401 563 1448 missos
600 1402 890 1463 memoravi,
927 1408 1176 1449 revertere
1205 1401 1328 1449 inriti
1366 1401 1642 1466 bellumque
1667 1400 1918 1465 propalam

245 1477 482 1534 sumptum
521 1485 546 1518 a
573 1470 777 1519 Parthis.
831 1486 922 1520 nec
957 1470 1132 1519 Paetus
1161 1470 1475 1533 detrectavit,
1517 1470 1603 1519 sed
1639 1469 1822 1519 duabus
1849 1469 1914 1518 le-

243 1539 487 1604 gionibuS,
520 1556 716 1605 quarum
743 1548 957 1605 quartam
975 1539 1292 1590 Funisulanus
1312 1540 1628 1590 Vettonianus
1653 1555 1711 1589 eo
1733 1542 1779 1589 in
1800 1547 1916 1588 tem-

206 1624 226 1656 5
246 1625 389 1676 pore,
421 1610 763 1660 duodecumam
786 1610 1012 1660 Calavius
1037 1609 1240 1659 Sabinus
1261 1610 1516 1674 regebant,
1540 1610 1816 1659 Armeniam
1847 1611 1914 1657 in·

246 1687 338 1729 trat
366 1681 488 1729 tristi
512 1682 686 1730 omine.
736 1697 841 1730 nam
873 1683 919 1729 in
948 1688 1253 1744 transgressu
1278 1677 1739 1745 Euphratis,'quem
1768 1686 1915 1744 ponte
1951 1726 1955 1730 .

245 1749 586 1813 tramittebant,
619 1751 746 1799 nulla
776 1751 931 1815 palam
960 1766 1102 1799 causa
1127 1750 1341 1800 turbatus
1372 1765 1551 1815 equus,
1590 1751 1670 1814 qui
1698 1748 1915 1799 consula·

244 1821 316 1869 ria
349 1821 555 1883 insignia
591 1820 832 1884 gestabat,
874 1829 1006 1869 retro
1035 1821 1204 1870 evasit.
1256 1820 1538 1885 hostiaque,
1581 1835 1703 1884 quae
1737 1820 1914 1868 munie-

244 1889 414 1939 bantur
440 1888 764 1940 hibernaculis
792 1890 1055 1953 adsistenS,
1091 1890 1342 1940 semifacta
1378 1904 1530 1955 opera
1556 1890 1670 1953 fuga
1699 1890 1915 1955 perrupit

187 1972 227 2007 10
244 1975 397 2024 seque
436 1959 563 2008 vallo
604 1961 788 2010 extulit.
846 1969 893 2010 et
934 1961 1030 2025 pila
1074 1959 1270 2009 militum
1308 1976 1500 2022 arsere,
1547 1961 1702 2023 magis
1740 1959 1915 2021 insigni

245 2029 487 2096 prodigio,
516 2031 626 2094 quia
651 2030 852 2079 Parthus
880 2030 1033 2079 hostis
1059 2030 1317 2079 missilibus
1346 2031 1457 2080 telis
1481 2030 1715 2079 decertat.

352 2099 399 2150 8.
436 2098 661 2148 Ceterum
687 2101 861 2150 Paetus
888 2102 1065 2165 spretis
1097 2101 1349 2163 ominibus,
1376 2099 1579 2149 necdum
1609 2100 1726 2148 satis
1758 2100 1912 2147 firma-

243 2170 304 2219 tis
330 2169 680 2233 hibernaculis,
721 2171 852 2219 nullo
890 2172 960 2219 rei
988 2171 1324 2219 frumentariae
1354 2171 1579 2234 provisu,
1618 2170 1744 2232 rapit
1773 2183 1911 2216 exer-

247 2240 387 2289 citum
415 2247 545 2288 trans
572 2248 779 2289 montem
807 2240 1010 2289 Taurum
1035 2239 1390 2305 reciperandiS,
1419 2247 1468 2288 ut
1492 2238 1704 2301 ferebat,
1742 2237 1908 2300 Tigra-

244 2311 458 2358 nocertis
483 2310 820 2375 vastandisque
840 2309 1147 2373 regionibus,
1176 2325 1296 2374 quas
1318 2309 1531 2359 Corbulo
1557 2311 1770 2372 integras
1798 2308 1911 2357 omi·

204 2397 224 2431 5
247 2380 406 2427 sisset.
435 2386 482 2427 et
505 2387 644 2443 capta
665 2380 898 2444 quaedam
927 2379 1145 2442 castella,
1174 2380 1460 2444 gloriaeque
1489 2388 1535 2428 et
1564 2378 1772 2442 praedae
1793 2392 1910 2426 non-

242 2448 357 2499 nihil
385 2456 587 2513 partum,
617 2451 655 2498 si
685 2458 762 2498 aut
788 2449 992 2512 gloriam
1020 2465 1124 2498 cum
1153 2449 1296 2498 modo
1324 2457 1400 2498 aut
1419 2449 1645 2513 praedam
1668 2463 1773 2497 cum
1798 2461 1911 2494 cura

241 2518 504 2569 habuisset.
560 2519 836 2584 longinquis
878 2518 1126 2567 itineribus
1166 2519 1496 2582 percursando
1543 2533 1664 2583 quae
1703 2516 1910 2565 obtineri

241 2589 530 2653 nequibant,
581 2597 809 2653 corrupto
850 2590 928 2653 qui
971 2596 1138 2653 captus
1172 2597 1274 2637 erat
1322 2596 1589 2638 commeatu
1625 2594 1672 2636 et
1706 2587 1909 2634 instante

241 2660 333 2708 iam
355 2659 537 2721 hieme,
575 2658 763 2707 reduxit
795 2659 1058 2708 exercitum
1090 2662 1443 2724 conposuitque
1482 2658 1541 2708 ad
1568 2657 1827 2707 Caesarem
1853 2654 1907 2703 li·

186 2742 227 2777 ιο
245 2736 374 2778 teras
397 2731 530 2793 quasi
559 2729 784 2778 confecto
813 2729 961 2792 bello,
995 2728 1157 2778 verbis
1184 2731 1468 2792 magnificiS,
1496 2742 1651 2776 rerum
1677 2740 1871 2777 vacuas.

350 2798 397 2848 9.
431 2798 624 2847 Interim
654 2798 866 2848 Corbulo
895 2814 1146 2863 numquam
1174 2799 1444 2861 neglectam
1471 2796 1728 2860 Euphratis
1754 2796 1907 2859 ripam

245 2867 570 2917 crebrioribus
599 2868 852 2933 praesidiis
880 2869 1076 2925 insedit;
1119 2875 1165 2916 et
1198 2883 1257 2916 ne
1285 2870 1417 2932 ponti
1445 2864 1681 2915 iniciendo
1711 2863 1905 2929 impedi-

241 2944 447 2986 mentum
474 2938 676 2987 hostiles
705 2946 885 2988 turmae
913 2938 1157 2987 adferrent
1187 2937 1302 3000 (iam
1332 2939 1453 2985 enim
1472 2936 1700 2985 subiectis
1724 2934 1905 2998 campis
