1976 3224
552 197 728 235 mmm
763 197 826 235 11.
868 196 992 235 cAP.
1033 194 1257 239 47—52.
1674 184 1740 234 63
1821 173 1824 177 ’

29 327 143 377 cui
176 325 327 375 verba
367 326 414 373 in
447 338 551 373 eam
591 339 784 389 quoquo
809 325 953 373 modo
983 324 1144 373 habita
1172 325 1354 373 crimini
1388 323 1564 374 forent.
1621 324 1740 372 libe-

13 403 22 459 ξ’·
66 397 287 460 ravitque
306 394 596 459 Appuleiam
622 393 736 456 lege
765 395 1052 443 maiestatis:
1082 393 1300 442 adulterii
1331 408 1606 457 graviorem
1623 408 1740 457 poe

7 466 21 518 ’ἲ
66 481 174 515 nam
205 465 518 529 deprecatus,
553 469 603 510 ut
644 464 869 528 exemplo
904 465 1135 512 maiorum
1170 465 1452 528 propinquis
1489 465 1588 511 suis
1618 464 1740 511 ultra

5 563 7 566 <
66 535 443 584 ducentesimum
479 532 688 597 lapidem
722 540 1056 582 removeretur
1094 534 1257 581 suasit.
1314 533 1531 582 adultero
1561 532 1739 582 Manlio

64 604 199 654 Italia
226 611 369 667 atque
393 602 560 651 Africa
587 603 887 652 interdictum
913 610 1002 652 est.
1757 622 1798 655 15

173 674 278 722 51.
303 672 378 720 De
414 678 640 736 praetore
689 673 737 720 in
773 673 931 722 locum
968 673 1189 737 Vipstani
1227 671 1379 735 Galli,
1426 687 1566 736 quem
1607 686 1741 719 mors

65 743 355 805 abstulerat,
385 740 695 803 subrogando
725 750 970 791 certamen
993 742 1208 791 incessit.
1261 741 1571 791 Germanicus
1598 749 1740 806 atque

64 814 248 863 Drusus
285 813 419 876 (nam
455 811 596 859 etiam
632 818 728 859 tum
767 811 952 860 Romae
988 811 1149 875 erant)
1186 811 1432 861 Haterium
1470 811 1741 875 Agrippam

66 883 388 949 propinquum
407 878 674 930 German1c1
693 880 953 930 fovebant
995 888 1162 930 contra
1199 881 1419 946 plerique
1450 881 1738 941 nitebantur,

65 960 117 1002 ut
150 965 375 1000 numerus
410 949 670 998 liberorum
706 952 753 998 in
794 950 1056 1000 candidatis
1097 951 1456 1015 praepolleret,
1494 950 1623 1014 quod
1659 948 1778 998 lexs

67 1020 278 1071 iubebat.
337 1020 604 1069 laetabatur
631 1018 877 1083 TiberiuS,
918 1035 1023 1068 cum
1057 1020 1182 1068 inter
1222 1021 1351 1069 filios
1386 1021 1488 1068 eius
1525 1027 1573 1068 et
1598 1020 1740 1081 leges

70 1098 266 1142 senatus
292 1090 597 1154 disceptaret.
647 1090 773 1139 victa
802 1098 875 1139 est
901 1091 1003 1138 sine
1030 1089 1172 1139 dubio
1205 1090 1317 1152 lex,
1347 1089 1434 1138 sed
1460 1104 1618 1153 neque
1647 1096 1740 1137 sta-

69 1163 152 1210 tim
178 1167 227 1209 et
258 1160 424 1223 paucis
452 1158 725 1222 suffragiiS,
762 1174 856 1224 quo
885 1159 1028 1208 modo
1057 1160 1198 1209 etiam
1226 1175 1331 1208 cum
1356 1159 1574 1208 valerent
1599 1158 1742 1221 leges

66 1229 397 1279 vincebantur.

175 1299 259 1348 52.
288 1297 476 1347 Eodem
497 1312 619 1346 anno
647 1305 870 1362 coeptum
893 1300 940 1346 in
965 1299 1134 1348 Africa
1157 1298 1364 1361 bellum,
1393 1299 1514 1347 duce
1535 1297 1742 1346 hostium

68 1369 389 1419 Tacfarinate.
441 1368 482 1415 is
506 1369 698 1416 natione
723 1367 950 1431 Numida,
977 1370 1025 1416 in
1048 1370 1217 1417 castris
1238 1369 1466 1417 Romanis
1493 1367 1742 1416 auxiliaria

68 1437 306 1503 stipendia
331 1437 553 1500 merituS,
580 1451 695 1486 mox
719 1437 967 1499 desertor,
993 1453 1150 1501 vagos
1178 1439 1377 1502 primum
1403 1444 1450 1486 et
1474 1437 1740 1485 latrociniis

62 1515 234 1558 suetos
265 1507 325 1555 ad
354 1506 580 1571 praedam
610 1514 658 1555 et
680 1514 844 1572 raptus
873 1521 1208 1570 congregare,
1248 1507 1357 1555 dein
1382 1521 1517 1555 more
1543 1505 1741 1555 militiae

66 1592 159 1643 per
191 1576 372 1625 vexilla
412 1584 459 1624 et
492 1584 669 1625 turmas
700 1591 1019 1641 componere,
1061 1585 1307 1640 postremo
1338 1592 1435 1626 non
1466 1575 1779 1624 inconditae5

67 1646 236 1695 turbae
263 1645 350 1694 sed
378 1645 764 1695 Musulamiorum
791 1646 887 1694 dux
910 1646 1091 1695 haberi.
1156 1646 1312 1696 valida
1339 1662 1396 1696 ea
1433 1661 1556 1709 gens
1585 1653 1634 1694 et
1663 1661 1740 1695 so-

66 1715 341 1766 litudinibus
367 1715 564 1765 Africae
590 1717 858 1781 propinqua
876 1754 890 1779 ,
929 1716 1061 1765 nullo
1090 1718 1232 1765 etiam
1261 1725 1356 1766 tum
1384 1716 1569 1765 urbium
1597 1715 1741 1778 cultu,

57 1787 200 1850 'cepit
234 1800 361 1834 arma
397 1785 686 1850 Maurosque
725 1786 922 1834 accolas
947 1786 994 1833 in
1020 1785 1201 1835 bellum
1228 1786 1395 1835 traxit:
1436 1786 1532 1834 dux
1571 1793 1618 1833 et
1649 1785 1741 1846 his,

34 1852 305 1919 ‘'Mazippa.
361 1854 637 1919 divisusque
662 1856 932 1918 exercituS,
964 1862 1013 1903 ut
1041 1854 1321 1905 Tacfarinas
1343 1856 1502 1905 lectos
1526 1855 1661 1903 viros
1693 1861 1743 1903 et

65 1925 332 1975 Romanum
368 1925 416 1971 in
442 1923 631 1972 modum
655 1932 863 1973 armatos
890 1925 1060 1973 castris
1089 1926 1339 1987 attineret,
1377 1925 1662 1989 disciplinae
1690 1931 1740 1973 et
1758 1939 1799 1972 10

67 1994 282 2058 imperiis
306 2000 578 2055 suesceret,
622 1993 846 2058 Mazippa
870 1994 968 2042 levi
999 2009 1105 2042 cum
1132 1996 1273 2059 copia
1304 1994 1527 2043 incendia
1556 2001 1604 2042 et
1631 2009 1739 2042 cae—

51 2063 156 2112 .des
177 2070 224 2111 et
242 2062 844 2111 terroremcircumferret.
889 2063 1303 2128 conpulerantque
1326 2062 1589 2126 Cinithios,
1616 2062 1742 2111 haud

51 2132 388 2198 ¹spernendam
422 2133 687 2195 nationem,
724 2133 771 2180 in
806 2132 998 2196 eadem,
1041 2148 1146 2181 cum
1179 2132 1350 2182 Furius
1388 2131 1614 2182 Camillus
1650 2147 1740 2196 pro

34 2202 271 2267 :consule
304 2202 502 2251 Africae
548 2202 793 2265 legionem
840 2210 887 2251 et
921 2203 1048 2266 quod
1092 2202 1179 2250 sub
1231 2203 1380 2266 signis
1416 2203 1657 2251 sociorum
1692 2202 1742 2249 in

33 2269 208 2321 s{unum
245 2271 513 2320 conductos
547 2271 606 2321 ad
630 2271 819 2322 hostem
844 2272 1003 2336 duxit,
1040 2273 1274 2322 modicam
1303 2286 1516 2335 manum,
1556 2273 1596 2320 si
1622 2271 1739 2320 mul·
1758 2288 1799 2320 15

54 2341 315 2390 ·titudinem
356 2340 659 2390 Numidarum
697 2349 842 2407 atque
865 2342 1136 2391 Maurorum
1176 2350 1452 2407 spectares;
1501 2341 1589 2390 sed
1626 2341 1742 2390 nihil

52 2424 226 2476 ·aeque
255 2410 515 2459 cavebatur
542 2426 679 2475 quam
705 2427 765 2460 ne
792 2411 971 2460 bellum
998 2420 1126 2461 metu
1153 2412 1430 2461 eluderent:
1469 2426 1559 2475 spe
1585 2413 1740 2459 victo-

54 2481 172 2528 -riae
216 2480 395 2528 inducti
421 2487 526 2528 sunt
555 2489 605 2528 ut
630 2482 952 2530 vincerentur.
1026 2483 1169 2544 igitur
1204 2482 1338 2544 legio
1365 2481 1552 2543 medio,
1601 2480 1742 2528 leves

72 2549 298 2598 cohortes
329 2550 545 2613 duaeque
588 2550 696 2600 alae
723 2552 769 2598 in
795 2550 1020 2600 cornibus
1047 2552 1282 2600 locantur.
1339 2566 1432 2598 nec
1462 2549 1741 2598 Tacfarinas

52 2633 281 2683 ,pugnam
315 2619 615 2668 detrectavit.
691 2619 784 2669 fusi
821 2619 1082 2684 Numidae,
1121 2620 1393 2682 multosque
1441 2626 1554 2682 post
1591 2633 1740 2667 annos
1756 2634 1798 2666 20

53 2685 215 2737 :Furio
253 2690 432 2738 nomini
459 2696 646 2754 partum
674 2688 822 2737 decus
847 2689 1058 2738 militiae.
1119 2703 1224 2737 nam
1251 2695 1364 2752 post
1392 2687 1522 2735 illum
1551 2689 1740 2751 recipe-

55 2764 280 2807 ratorem
319 2758 451 2806 urbis
487 2758 731 2822 filiumque
767 2760 869 2807 eius
908 2756 1155 2807 Camillum
1195 2771 1347 2820 penes
1382 2755 1501 2805 alias
1537 2757 1741 2805 familias

56 2827 377 2891 imperatoria
415 2828 519 2877 laus
554 2828 733 2885 fuerat;
770 2835 914 2891 atque
949 2828 1027 2876 hic
1065 2842 1204 2891 quem
1240 2824 1556 2875 memoramus
1585 2826 1738 2884 hello-

70 2909 172 2944 rum
199 2911 376 2961 expers
402 2896 686 2946 habebatur.
753 2911 813 2945 eo
842 2899 1042 2961 pronior
1068 2896 1290 2945 Tiberius
1314 2910 1396 2944 res
1423 2902 1587 2958 gestas
1615 2894 1741 2961 apud
