1976 3224
248 185 330 236 ‘62
681 194 956 232 CORNELII
985 193 1179 232 TAGITI
1211 194 1519 232 ANNALIUM

256 325 436 386 rinam,
471 320 682 385 Cymen,
727 322 943 370 Tmolum
978 322 1129 370 levari
1165 321 1289 370 idem
1325 322 1373 369 in
1408 329 1594 386 tempus
1621 322 1806 372 tributis
1830 325 1931 374 mit-

258 395 394 458 tique
430 408 492 440 ex
528 400 696 440 senatu
729 392 907 456 placuit
944 392 1022 455 qui
1065 392 1338 457 praesentia
1377 398 1623 456 spectaret
1655 391 1930 443 refoveret·

201 485 243 519 15
261 478 373 528 que.
428 461 646 510 delectus
675 468 749 509 est
774 461 836 510 M.
867 461 1057 510 Aletius
1085 477 1112 509 e
1145 461 1428 526 praetoriiS,
1458 477 1517 510 ne
1547 461 1789 512 consulari
1807 463 1929 513 obti-

254 539 402 582 nente
427 531 592 581 Asiam
628 531 882 580 aemulatio
919 533 1044 579 inter
1080 546 1225 596 pares
1264 538 1313 579 et
1346 546 1409 580 ex
1447 545 1507 579 eo
1548 531 1931 597 impedimentum

259 609 498 652 oreretur.
1747 640 1751 644 .

359 670 445 722 48.
487 672 791 734 Magnificam
838 670 886 717 in
939 669 1183 733 publicum
1226 669 1534 733 largitionem
1578 671 1707 720 auxit
1751 670 1931 721 Caesar

255 743 382 792 haud
420 742 572 790 minus
614 748 753 804 grata
783 739 1101 803 liberalitate,
1141 738 1270 804 quod
1308 739 1436 789 bona
1476 740 1929 805 Aemiliae.Musae,

254 811 518 876 locupletis
551 812 830 873 intestatae,
866 810 1014 874 petita
1052 811 1099 858 in
1125 810 1293 858 fiscum
1316 809 1524 858 Aemilio
1550 809 1760 875 Lepido,
1797 811 1930 859 cuius

256 898 286 933 e
320 883 460 931 domo
498 879 773 944 videbatur,
811 887 859 928 et
882 879 1065 928 Patulei
1100 879 1256 928 divitis
1293 880 1465 944 equitis
1497 880 1701 930 Romani
1740 879 1928 930 heredi-

210 968 231 1001 5
257 960 429 1016 tatem,
467 965 752 1017 quamquam
789 950 896 1015 ipse
933 949 1078 998 heres
1103 950 1151 997 in
1173 956 1310 1014 parte
1337 950 1615 1013 legeretur,
1649 948 1840 1000 tradidit
1863 950 1929 1000 M.

255 1022 490 1086 Servili0,
540 1036 682 1086 quem
729 1018 971 1085 prioribus
1018 1034 1176 1083 neque
1209 1020 1453 1084 suspectis
1486 1019 1662 1069 tabulis
1701 1021 1930 1084 scriptum

256 1099 589 1157 compererat,
634 1090 934 1139 nobilitatem
969 1091 1217 1154 utriusque
1253 1090 1457 1154 pecunia
1493 1088 1742 1139 iuvandam
1790 1105 1928 1154 prae·

253 1163 397 1212 fatus.
464 1176 622 1226 neque
659 1159 975 1210 hereditatem
1004 1159 1280 1224 cuiusquam
1318 1158 1430 1208 adiit
1456 1159 1546 1208 nisi
1581 1174 1686 1208 cum
1721 1159 1927 1208 amicitia

254 1232 539 1282 meruisset:
587 1233 787 1295 ignotos
835 1236 883 1278 et
920 1229 1024 1279 aliis
1059 1229 1276 1278 infensos
1316 1243 1473 1293 eoque
1509 1229 1778 1294 principem
1814 1244 1927 1278 nun-

197 1310 490 1367 1ocupantes
527 1301 700 1365 procul
735 1299 947 1349 arcebat.
989 1307 1203 1348 ceterum
1239 1305 1290 1347 ut
1327 1298 1579 1348 honestam
1607 1299 1927 1349 innocentium

253 1378 589 1437 paupertatem
614 1368 819 1433 levavit,
858 1371 923 1418 ita
951 1369 1186 1434 prodigos
1216 1375 1264 1418 et
1289 1368 1352 1417 ob
1378 1369 1558 1432 flagitia
1583 1376 1812 1432 egentes,
1846 1367 1927 1418 vi-

253 1441 431 1491 hidium
473 1442 772 1503 Varronem,
828 1439 1028 1488 Marium
1068 1439 1339 1504 Nepotem,
1386 1438 1596 1503 Appium
1635 1437 1926 1502 Appianum,

255 1510 532 1580 Cornelium
567 1504 773 1573 Sullam,
810 1510 867 1571 Q.
896 1508 1142 1559 Vitellium
1177 1509 1326 1558 movit
1349 1515 1519 1558 senatu
1545 1515 1623 1558 aut
1649 1513 1823 1573 sponte
1850 1521 1926 1556 ce-

254 1581 373 1632 dere
401 1596 576 1647 passus
604 1587 695 1628 est.

357 1653 443 1702 49.
473 1650 631 1700 Isdem
656 1648 952 1715 temporibus
981 1648 1121 1698 deum
1154 1647 1302 1696 aedes
1326 1654 1564 1697 vetustate
1588 1653 1666 1696 aut
1690 1646 1789 1710 igni
1813 1645 1926 1695 abo-

250 1721 360 1770 litas
390 1728 689 1785 coeptasque
713 1719 771 1768 ab
794 1719 1016 1783 Augusto
1048 1717 1311 1780 dedicavit,
1350 1716 1524 1766 Libero
1550 1716 1850 1780 Liberaeque
1879 1723 1928 1764 et

253 1790 425 1841 Cereri
448 1791 578 1839 iuxta
605 1789 785 1837 circum
822 1790 1100 1851 maximum,
1142 1802 1281 1852 quam
1318 1784 1378 1835 A.
1418 1787 1687 1837 Postumius
1725 1785 1929 1834 dictator

250 1867 483 1924 voverat,
516 1858 785 1923 eodemque
813 1860 862 1907 in
887 1858 999 1907 loco
1026 1858 1195 1907 aedem
1221 1856 1399 1905 Florae
1426 1857 1485 1906 ab
1512 1857 1659 1906 Lucio
1686 1863 1735 1905 et
1760 1854 1926 1905 Marco

204 1943 226 1976 ⁵
253 1930 482 1980 Publiciis
517 1927 752 1979 aedilibus
782 1930 1106 1991 constitutam,
1146 1933 1194 1976 et
1218 1926 1334 1976 Iano
1361 1926 1615 1992 templum,
1646 1925 1775 1991 quod
1801 1923 1925 1989 apud

247 2003 406 2051 forum
430 1999 706 2050 holitorium
735 1997 788 2048 C.
808 1998 995 2047 Duilius
1022 2004 1292 2059 struxerat,
1323 1998 1402 2060 qui
1430 1999 1607 2062 primus
1633 2010 1735 2044 rem
1752 1995 1925 2044 Roma·

249 2086 359 2120 nam
395 2084 637 2135 prospere
673 2070 789 2118 mari
826 2070 981 2132 gessit
1010 2066 1391 2131 triumphumque
1419 2066 1638 2116 navalem
1667 2064 1725 2130 de
1752 2064 1926 2113 Poenis

247 2141 433 2190 meruit.
500 2140 618 2203 Spei
656 2138 802 2188 aedes
841 2153 867 2187 a
902 2136 1186 2188 Germanico
1226 2143 1466 2184 sacratur:
1505 2135 1629 2184 hanc
1663 2136 1723 2182 A.
1754 2132 1927 2181 Atilius

249 2217 454 2259 voverat
478 2208 649 2258 eodem
674 2208 824 2257 bello.

353 2281 436 2330 50.
485 2277 821 2328 Adolescebat
853 2278 1037 2326 interea
1072 2275 1154 2324 lex
1201 2274 1480 2324 maiestatis.
1554 2280 1602 2321 et
1636 2271 1925 2338 Appuleiam

246 2347 504 2410 Varillam,
544 2348 727 2396 sororis
770 2346 977 2410 Augusti
1019 2352 1239 2409 neptem,
1280 2345 1387 2408 quia
1416 2341 1668 2408 probrosis
1694 2341 1925 2391 sermoni·

247 2418 339 2468 bus
377 2417 535 2466 divum
563 2416 830 2480 Augustum
867 2430 924 2465 ac
950 2414 1191 2464 Tiberium
1227 2421 1275 2462 et
1312 2419 1510 2461 matrem
1547 2412 1650 2460 eius
1677 2410 1924 2460 inlusisset

250 2487 547 2552 Caesarique
595 2500 780 2535 conexa
829 2484 1063 2534 adulterio
1114 2490 1393 2544 teneretur,
1433 2481 1696 2530 maiestatis
1733 2478 1923 2529 delator

208 2571 231 2607 5
254 2557 551 2608 arcessebat.
622 2555 682 2604 de
720 2554 951 2604 adulterio
989 2554 1104 2603 satis
1142 2553 1305 2602 caveri
1329 2552 1443 2615 lege
1469 2550 1587 2600 Iulia
1613 2550 1789 2599 visum:
1826 2564 1922 2599 ma-

247 2628 434 2678 iestatis
486 2628 666 2676 crimen
713 2625 938 2688 distingui
975 2622 1156 2674 Caesar
1205 2621 1466 2688 postulavit
1502 2620 1837 2683 damnarique,
1881 2616 1921 2668 si

251 2713 345 2763 qua
386 2698 445 2747 de
483 2697 705 2760 Augusto
746 2695 1028 2758 inreligiose
1067 2692 1290 2742 dixisset:
1336 2692 1382 2739 in
1417 2706 1470 2740 se
1517 2690 1639 2738 iacta
1686 2688 1817 2737 nolle
1863 2687 1920 2737 ad

252 2769 578 2831 cognitionem
605 2766 791 2815 vocari.
843 2766 1166 2827 interrogatus
1191 2777 1217 2811 a
1246 2761 1469 2823 consule,
1501 2758 1610 2823 quid
1639 2757 1697 2806 de
1723 2757 1782 2806 iis
1809 2771 1919 2806 cen-

251 2844 383 2884 seret
420 2851 541 2900 quae
585 2835 644 2884 de
678 2842 828 2884 matre
857 2835 959 2882 eius
984 2834 1148 2882 locuta
1175 2846 1317 2880 secus
1355 2834 1667 2893 argueretur,
1703 2827 1918 2883 reticuit;

189 2916 233 2952 10
253 2903 361 2954 dein
398 2906 619 2970 proximo
657 2911 850 2954 senatus
888 2903 964 2952 die
1002 2903 1128 2951 illius
1164 2915 1355 2965 quoque
1391 2898 1580 2948 nomine
1626 2897 1805 2960 oravit,
1858 2910 1919 2944 ne
