1950 3210
134 200 277 238 XLIV
625 199 1082 239 COMMENTARIUS
1115 199 1394 238 CRITICUS.

133 331 265 378 urbis
284 331 347 376 P.-
371 330 446 390 qui
469 345 494 377 e
514 332 662 378 turbis
695 325 704 395 Ι
738 337 792 381 19
808 331 1025 388 neronis,
1047 331 1217 376 em.Pu
1251 331 1257 389 Ι
1290 332 1491 379 Marciae
1510 332 1608 379 Pu:
1631 329 1842 395 margio}

131 406 186 450 21
218 403 318 447 loto
348 401 417 446 L.-
456 405 555 447 toto
1802 438 1806 446 ,

273 468 340 516 24-
358 506 371 528 ,
409 478 435 519 5
462 471 688 530 pluraque
714 471 804 518 Fr.
830 471 1001 516 Jacob.-
1034 471 1168 530 plura
1195 484 1327 528 quam
1364 466 1370 534 Ι
1402 473 1639 531 toleranti,
1666 473 1812 519 cm.E
1832 471 1840 535 Ι

133 546 161 590 9
182 541 263 587 vix
287 540 455 587 vitavit
484 541 526 585 A

273 608 365 668 25,
413 617 436 658 1
473 611 681 668 Legerda
717 611 815 655 Bz:
853 611 1038 668 legerat
1082 604 1088 672 Ι
1133 615 1160 658 3
1197 610 1411 668 aggeris,
1451 624 1535 656 em.
1564 612 1844 665 Boetticher}

130 680 386 739 aggeribus
415 679 551 739 Ryclc
584 673 590 743 Ι
623 684 648 728 7
677 681 906 738 uologese
942 682 948 738 Ι
981 684 1244 725 ostentante

273 747 366 807 26,
402 755 430 798 3
466 750 678 795 amittere
722 744 729 813 Ι
771 754 800 796 4
830 763 1024 795 aversos
1063 749 1226 794 animis
1262 748 1479 794 Belclcer:
1516 752 1572 797 ab
1610 766 1662 797 re
1699 749 1842 813 (rege

128 818 280 879 corr.)
320 819 470 866 aninis
504 815 725 879 (aversos
764 819 902 864 animi
938 819 1025 875 Ri,
1064 819 1318 864 abhorrere
1353 820 1517 866 animis
1540 821 1641 878 JG,
1675 822 1842 868 adver-

128 891 274 937 santis
303 889 375 948 N,
419 889 646 935 adversos
682 894 759 935 aut
796 888 1034 947 ambigere
1072 888 1235 935 animis
1259 886 1359 950 He)
1402 883 1410 954 Ι
1453 895 1481 939 9
1507 904 1595 936 nec
1619 891 1719 936 Pu.-
1746 905 1804 936 ne
1832 886 1839 954 Ι

131 965 187 1009 12
217 960 260 1005 ei
285 960 338 1007 H
347 979 360 1004 .·
400 964 447 1004 et
477 953 489 1024 Ι
531 964 587 1008 13
619 964 666 1004 et
694 963 799 1003 ante
820 972 910 1018 quo
935 959 1053 1003 male
1079 959 1166 1003 dcl.
1188 959 1251 1015 F,
1291 961 1419 1018 quod
1445 972 1529 1005 nos
1551 963 1841 1018 restituimus,

125 1036 274 1076 vetere
295 1030 383 1075 loci
410 1030 774 1088 interpunctione
802 1029 1009 1074 reducta.
1064 1027 1336 1087 Utrumque,
1374 1036 1418 1075 et
1441 1031 1728 1087 praesidium
1754 1031 1837 1076 ad-

126 1100 266 1146 ditum
301 1105 346 1145 et
357 1103 524 1159 partes
548 1100 796 1144 Armeniae
818 1100 919 1144 aliis
944 1098 1127 1158 regibus
1155 1099 1361 1144 adiectae
1376 1136 1387 1157 ,
1424 1099 1511 1145 hoc
1534 1101 1775 1158 spectabat
1794 1107 1843 1146 ut

125 1182 269 1217 novus
293 1181 387 1215 rex
409 1169 602 1228 facilius
627 1182 817 1229 reynum
837 1174 1058 1214 tueretur.
1093 1162 1100 1233 Ι
1134 1173 1191 1216 14
1205 1169 1358 1214 malim
1376 1174 1536 1229 partes
1555 1170 1808 1217 Armeniae
1830 1164 1837 1233 Ι

126 1239 420 1286 Pharasmani
446 1239 778 1299 Polemonique
809 1239 872 1284 G.-
911 1253 1020 1298 pars
1049 1239 1291 1298 nipulique
1325 1237 1331 1303 Ι
1366 1244 1422 1289 16
1449 1241 1678 1298 accessit,
1701 1252 1784 1286 em.
1802 1239 1841 1285 L

268 1306 334 1354 27
355 1344 368 1367 ,
402 1314 430 1355 2
459 1323 485 1354 a
512 1323 601 1354 om.
636 1304 643 1371 Ι
676 1314 703 1356 4
731 1309 777 1354 in
805 1310 1050 1354 Tarentum
1073 1309 1115 1353 A

268 1376 362 1436 28,
399 1383 426 1426 2
454 1379 671 1437 quoniam
698 1379 797 1425 He.-
834 1392 924 1437 quo
959 1373 965 1442 Ι
1000 1384 1027 1427 6
1054 1379 1095 1424 si
1124 1379 1201 1437 qui
1222 1379 1341 1424 Hm:
1367 1380 1408 1425 is
1437 1378 1514 1438 qui
1537 1375 1598 1440 (ii
1627 1380 1704 1439 qui
1730 1377 1800 1442 v.)
1830 1374 1838 1448 Ι

128 1457 183 1497 10
212 1450 373 1495 oribus

267 1516 360 1573 29,
408 1524 435 1566 2
470 1519 526 1563 A.
564 1518 728 1564 Didius
758 1518 822 1576 L.-
862 1518 1048 1564 hauitus
1085 1516 1275 1579 (Didius
1312 1515 1385 1579 N)
1440 1512 1446 1580 Ι
1497 1523 1525 1566 4
1564 1519 1742 1566 Siluras
1778 1521 1839 1566 L.-

124 1590 270 1635 siluas
305 1584 311 1652 Ι
344 1594 373 1638 8
397 1589 699 1649 prouincias,
736 1601 821 1634 em.
848 1588 887 1633 L
920 1583 926 1651 Ι
963 1595 1015 1636 15
1046 1588 1193 1634 uados
1225 1583 1369 1646 (vada
1399 1588 1459 1644 G,
1487 1589 1661 1635 vadosa
1688 1586 1761 1651 N)

266 1655 360 1717 30,
399 1665 427 1708 3
456 1659 603 1705 facies
636 1654 643 1722 Ι
676 1663 705 1706 4
730 1672 926 1718 preces,
959 1658 1085 1704 diras
1111 1658 1210 1703 dist.
1237 1657 1286 1702 N

268 1725 328 1775 31
350 1763 363 1786 ,
395 1735 418 1776 1
446 1728 692 1787 igenorum
710 1725 837 1788 (item
858 1724 1042 1788 infra),
1064 1726 1204 1773 em.R
1239 1722 1245 1788 Ι
1279 1732 1307 1775 3
1326 1741 1518 1785 regnum
1540 1729 1599 1774 al.
1636 1723 1642 1791 Ι
1675 1735 1701 1777 5
1722 1730 1836 1775 boo-

124 1800 258 1846 dicea
287 1798 413 1843 Med.
439 1797 536 1852 hic,
561 1798 647 1843 sed
679 1811 718 1843 c.
745 1804 799 1847 35
824 1798 1094 1854 houducea,
1129 1801 1183 1845 37
1210 1797 1467 1850 boudicca;
1505 1799 1551 1842 in
1580 1800 1692 1856 Aqr.
1723 1800 1840 1844 alter

122 1870 222 1915 cod.
261 1868 500 1926 uoaduca,
530 1868 649 1913 alter
672 1868 898 1914 uoadicca
934 1867 1092 1918 habet:
1128 1865 1363 1912 Bouduica
1399 1869 1588 1925 scripsit
1613 1868 1680 1924 N,
1717 1869 1838 1914 Bou-

124 1939 258 1986 dicca
281 1938 381 1988 He,-
413 1937 477 1997 cf.
503 1939 636 1983 etiam
661 1937 840 1983 Zeussii
866 1951 1064 1996 yramm.
1089 1938 1187 1981 cell.
1210 1940 1281 1985 27.
1307 1941 1377 1986 39.
1423 1930 1429 1999 Ι
1471 1940 1497 1985 7
1520 1938 1651 1995 quasi
1679 1973 1688 1982 .
1719 1972 1729 1982 .
1759 1952 1838 1984 ac-

125 2009 365 2068 cepissent
396 2008 502 2052 incl.
530 2007 598 2063 N,
632 2013 740 2065 post
775 2007 961 2053 deducti
1001 2003 1064 2068 (υ.
1094 2003 1175 2068 14)
1209 2009 1494 2063 transposuit
1516 2007 1605 2052 He.
1654 2008 1839 2053 Adeone

121 2079 313 2124 subiecti
334 2079 521 2123 mutatio
545 2072 792 2136 offensioni
812 2081 910 2122 est?
943 2071 949 2141 Ι
984 2082 1040 2124 12
1066 2077 1177 2122 facti

265 2143 361 2206 32,
398 2153 428 2197 3
461 2147 648 2205 furore,
686 2159 767 2192 em.
795 2147 869 2192 Fa
911 2142 918 2209 Ι
959 2153 986 2196 6
1012 2151 1228 2205 aspectus
1271 2139 1278 2208 Ι
1322 2150 1368 2190 et
1395 2145 1629 2192 dilabente
1656 2147 1695 2191 L
1732 2142 1840 2206 (sed

122 2221 220 2263 sine
258 2214 355 2277 et):
403 2218 473 2263 sic
511 2218 697 2263 labente
737 2213 810 2277 (et
839 2217 1080 2262 relabente
1117 2215 1362 2271 F'ro'hlick,
1402 2215 1446 2259 in
1479 2215 1608 2260 sicco
1646 2216 1833 2262 labente

28 2320 29 2324 ,
121 2289 209 2334 Fr.
231 2284 401 2346 Jacob)
449 2281 456 2349 Ι
496 2287 770 2335 8Britannis
802 2321 811 2330 .
838 2321 847 2330 .
882 2286 1118 2331 veteranis
1147 2285 1245 2332 JG:
1277 2284 1560 2330 brittanni..
1591 2286 1799 2331 ueterani
1825 2279 1833 2349 Ι
1919 2303 1921 2305 ·

123 2357 555 2417 13‘praeduxerant
577 2355 651 2400 He
694 2351 700 2417 Ι
746 2360 801 2403 14
831 2356 996 2400 amotis
1024 2355 1096 2399 Fa
1141 2349 1146 2418 Ι
1190 2353 1389 2399 restitit:
1419 2354 1482 2399 ita
1505 2354 1637 2411 quasi
1668 2356 1708 2399 A
1741 2349 1747 2418 Ι
1780 2359 1836 2404 18

126 2426 295 2472 Petilio
321 2426 383 2471 L.-
413 2426 542 2485 petio

265 2491 359 2553 33,
401 2500 454 2542 12
479 2495 754 2540 militaribus
784 2495 828 2539 P
857 2488 863 2557 Ι
898 2494 1126 2553 spoliant,
1153 2506 1236 2540 em.
1265 2493 1367 2548 Mr,
1396 2494 1596 2553 spoliatu
1626 2494 1685 2546 G,
1723 2507 1833 2552 spo-

123 2566 344 2612 liantibus
373 2566 413 2610 Α
458 2560 464 2628 Ι
508 2571 563 2613 13
590 2565 798 2610 laborum
824 2564 886 2609 L.-
916 2565 1111 2609 aliorum
1137 2561 1274 2624 (laeti
1301 2563 1532 2622 praedae,
1559 2563 1767 2608 laborum
1794 2576 1830 2608 s.

122 2636 174 2680 H
194 2640 236 2680 et
258 2635 472 2680 Heraeus
496 2635 543 2691 Ι,
577 2629 683 2694 129)
718 2628 725 2697 Ι
759 2647 930 2692 segnes
955 2633 1059 2678 Mr:
1088 2634 1298 2692 insignes
1333 2627 1338 2693 Ι
1377 2637 1426 2681 17
1455 2646 1534 2678 ac:
1564 2636 1609 2677 at
1632 2631 1684 2676 N

265 2701 361 2762 34,
392 2709 419 2751 2
444 2703 783 2761 uicesimariis,
811 2715 897 2748 em.
924 2703 965 2755 Α
998 2697 1004 2762 Ι
1040 2710 1095 2752 10
1120 2704 1270 2750 feroci
1295 2703 1364 2747 D.-
1393 2703 1493 2746 fero

267 2771 361 2830 35,
388 2779 418 2823 3
444 2774 528 2819 sed
558 2787 610 2819 se
641 2779 749 2819 tunc
770 2772 829 2818 M
857 2767 863 2836 Ι
895 2779 921 2823 7
949 2787 1036 2818 nec
1063 2779 1321 2828 senectam,
1349 2783 1431 2814 em.
1459 2770 1504 2814 E
1533 2764 1540 2832 Ι
1574 2777 1623 2817 11
1655 2775 1724 2816 tot
1748 2770 1831 2815 mi-

124 2843 254 2889 litum
271 2879 281 2899 ,
307 2856 391 2887 em.
420 2842 460 2887 L

268 2909 362 2964 36,
400 2916 427 2958 2
454 2925 585 2968 quam
621 2906 627 2973 Ι
665 2918 706 2958 ll
746 2912 845 2970 ipsa
884 2912 942 2956 iis
970 2911 1013 2956 D
1046 2906 1052 2972 Ι
1089 2917 1143 2958 13
1170 2916 1364 2965 euentu,
1399 2920 1483 2953 cm.
1513 2906 1555 2952 R
