1976 3224
537 268 539 270 .
590 209 765 246 LIBER
801 209 918 246 XVI.
961 208 1084 246 CAP.
1117 207 1258 250 4—9.
1674 199 1773 249 319

213 341 259 387 7.
293 338 497 387 Mortem
528 337 787 403 Poppaeae
815 344 864 385 ut
896 336 1051 402 palam
1075 337 1283 399 tristem,
1321 337 1384 384 ita
1412 336 1775 385 recordantibus

33 424 37 431 “
107 409 280 457 laetam
315 407 377 457 ob
420 407 746 472 inpudicitiam
786 407 889 455 eius
926 407 1296 469 saevitiamque,
1335 420 1461 453 nova
1484 407 1682 471 insuper
1708 408 1773 453 in-

106 477 233 527 vidia
268 477 401 527 Nero
439 477 703 541 complevit
738 475 1039 541 prohibendo
1082 474 1136 524 C.
1181 474 1397 525 Cassium
1434 475 1600 524 officio
1638 490 1775 523 exse-

108 547 348 612 quiarum,
381 546 510 612 quod
537 547 735 611 primum
770 546 994 595 indicium
1030 545 1156 594 mali.
1211 544 1371 610 neque
1406 547 1454 593 in
1490 545 1687 608 longum
1712 545 1777 593 di-

105 616 265 666 latum
277 623 376 680 est,
397 616 484 666 sed
511 616 699 665 Silanus
726 615 938 679 additur,
966 615 1097 664 nullo
1127 617 1350 677 crimine,
1379 616 1471 663 nisi
1500 614 1628 679 quod
1661 613 1817 664 Cas-⁶

107 687 205 735 sius
233 685 407 767 opibus
431 687 635 735 vetustis
671 692 719 734 et
754 687 993 750 gravitate
1027 699 1238 748 morum,
1275 685 1463 733 Silanus
1497 684 1779 733 claritudine

106 756 303 820 generis
343 763 390 806 et
423 751 640 805 modesta
680 757 872 804 iuventa
910 754 1290 819 praecellebant
1354 755 1498 817 igitur
1535 755 1681 803 missa
1718 753 1779 803 ad

107 832 323 874 senatum
372 827 592 875 oratione
637 824 960 875 removendos
1010 839 1036 872 a
1078 840 1132 873 re
1170 824 1365 888 publica
1412 831 1644 888 utrosque
1684 823 1777 872 dis-

108 895 283 958 seruit,
330 894 689 959 obiectavitque
730 893 899 944 Cassio
938 894 1067 959 quod
1117 896 1243 943 inter
1278 895 1512 957 imagines
1548 894 1778 942 maiorum

109 966 247 1013 etiam
289 963 342 1014 C.
373 963 510 1014 Cassi
540 964 753 1027 effigiem
782 963 1038 1026 coluisset,
1074 964 1138 1012 ita
1174 966 1454 1028 inscriptam
1491 963 1629 1012 ‘duci
1669 978 1775 1029 par·
1794 976 1836 1009 ιο

106 1036 278 1084 tium’:
330 1035 509 1099 quippe
534 1034 727 1082 ‘semina
764 1033 881 1082 belli
925 1033 1080 1082 civilis
1117 1040 1165 1081 et
1201 1033 1525 1081 defectionem
1567 1049 1593 1082 a
1634 1033 1776 1082 domo

110 1103 374 1153 Caesarum
404 1104 686 1167 quaesitam.
739 1117 797 1151 ac
821 1117 886 1152 ne
906 1105 1136 1151 memoria
1168 1110 1345 1151 tantum
1372 1103 1546 1151 infensi
1575 1105 1779 1151 nominis

110 1173 168 1222 ad
197 1172 721 1236 discordiasuteretur,
748 1172 1076 1238 adsumpsisse
1100 1172 1151 1220 L.
1180 1172 1410 1234 Silanum,
1440 1173 1662 1221 iuvenem
1693 1188 1776 1236 ge-

107 1258 226 1291 nere
246 1241 475 1305 nobilem,
497 1243 652 1290 animo
675 1249 1002 1307 praeruptum,
1020 1257 1159 1306 quem
1176 1243 1314 1291 novis
1337 1241 1483 1290 rebus
1497 1250 1777 1292 ostentaret.

212 1311 259 1361 8.
296 1311 458 1377 Ipsum
486 1310 660 1359 dehinc
686 1312 897 1360 Silanum
924 1313 1164 1376 increpuit
1187 1311 1338 1360 isdem
1366 1311 1542 1376 quibus
1562 1320 1778 1376 patruum

110 1383 210 1431 eius
238 1381 556 1446 Torquatum,
584 1389 821 1446 tamquam
848 1381 1130 1447 disponeret
1153 1383 1244 1431 iam
1269 1382 1457 1446 imperii
1480 1396 1619 1430 curas
1641 1397 1776 1446 prae-

108 1453 376 1517 ficeretque
411 1450 675 1501 rationibus
713 1460 760 1500 et
795 1452 976 1501 libellis
1020 1459 1068 1500 et
1104 1451 1322 1516 epistulis
1356 1450 1583 1514 libertos,
1621 1453 1779 1499 inania

111 1522 247 1571 simul
282 1529 329 1570 et
363 1522 510 1571 falsa:
561 1537 677 1570 nam·
708 1522 895 1571 Silanus
931 1522 1158 1570 intentior
1195 1528 1322 1569 metu
1360 1528 1407 1569 et
1442 1522 1589 1570 exitio
1623 1522 1779 1585 patrui

109 1591 168 1642 ad
193 1591 581 1657 praecavendum
614 1593 869 1641 exterritus
904 1598 1021 1640 erat.
1074 1590 1256 1640 inducit
1294 1589 1499 1654 posthac
1533 1589 1774 1638 vocabulo
1796 1603 1816 1634 5

109 1661 330 1724 indicum,
360 1662 438 1726 qui
464 1661 511 1708 in
538 1660 789 1727 Lepidam,
829 1659 987 1710 Cassii
1014 1675 1245 1724 uxorem,
1282 1659 1430 1710 Silani
1455 1661 1667 1724 amitam,
1710 1660 1777 1707 in-

111 1738 293 1780 cestum
319 1745 424 1779 cum
449 1731 612 1779 fratris
640 1731 738 1779 filio
766 1738 815 1779 et
838 1730 973 1782 diros
999 1745 1245 1779 sacrorum
1272 1731 1390 1778 ritus
1426 1730 1776 1793 confingerent.

108 1799 418 1849 trahebantur
458 1808 506 1848 ut
547 1801 731 1849 conscii
756 1800 1008 1850 Volcatius
1034 1799 1251 1849 Tullinus
1293 1814 1348 1847 ac
1371 1799 1632 1848 Marcellus
1660 1798 1777 1848 Cor-

109 1869 266 1919 nelius
302 1876 554 1917 senatores
587 1876 633 1916 et
659 1868 945 1933 Calpurnius
970 1868 1180 1918 Fabatus
1215 1884 1366 1933 eques
1390 1869 1659 1924 Romanus;
1700 1869 1779 1932 qui

110 1938 358 2004 appellato
386 1939 606 2003 principe
632 1939 885 1987 instantem
912 1937 1261 2007 damnationem
1286 1938 1514 2001 frustrati,
1538 1953 1654 1987 mox
1682 1937 1778 1986 Ne·
1796 1950 1837 1983 ιο

110 2022 276 2057 ronem
307 2009 435 2056 circa
460 2021 639 2055 summa
665 2006 856 2056 scelera
881 2006 1135 2055 distentum
1165 2003 1300 2071 quasi
1321 2009 1533 2056 minores
1555 2022 1778 2056 evasere.

217 2076 266 2127 9.
307 2076 442 2126 Tunc
480 2076 699 2126 consulto
739 2083 931 2125 senatus
959 2074 1130 2125 Cassio
1158 2084 1206 2124 et
1233 2076 1396 2126 Silano
1428 2076 1573 2126 exilia
1610 2076 1777 2125 decer-

111 2153 306 2196 nuntur:
347 2146 407 2195 de
432 2145 613 2211 Lepida
642 2144 825 2195 Caesar
861 2152 1108 2194 statueret.
1160 2145 1536 2210 deportatusque
1572 2148 1619 2195 in
1653 2148 1777 2194 insu-

112 2216 205 2265 lam
239 2215 501 2265 Sardiniam
530 2213 750 2280 Cassius,
791 2222 838 2264 et
873 2221 1097 2263 senectus
1126 2215 1228 2264 eius
1266 2215 1652 2279 exspectabatur.
1706 2215 1777 2264 Si·

112 2285 271 2348 lanus,
318 2289 556 2351 tamquam
590 2284 776 2334 Naxum
813 2283 1158 2345 deveheretur,
1201 2283 1382 2333 Ostiam
1420 2292 1628 2341 amotus;
1666 2292 1779 2349 post

112 2355 371 2419 municipio
397 2354 623 2420 Apuliae,
655 2355 729 2404 cui
755 2368 929 2404 nomen
956 2352 1145 2402 Barium
1165 2361 1254 2418 est,
1282 2353 1529 2403 clauditur.
1583 2355 1684 2403 illic
1709 2356 1776 2402 in·
1798 2366 1818 2397 5

115 2422 439 2486 dignissimum
469 2439 631 2474 casum
658 2425 901 2489 sapienter
929 2423 1170 2486 tolerans,
1210 2438 1236 2472 a
1275 2426 1555 2472 centurione
1579 2424 1639 2473 ad
1671 2438 1776 2472 cae·

115 2492 221 2541 dem
245 2494 391 2541 misso
421 2495 701 2559 corripitur;
729 2492 1042 2557 suadentique
1072 2507 1216 2542 venas
1243 2492 1548 2557 abrumpere,
1574 2494 1778 2541 animum

116 2561 303 2626 quidem
336 2564 477 2612 morti
511 2562 793 2613 destinatum
829 2564 920 2623 ait,
959 2561 1045 2610 sed
1085 2576 1180 2610 non
1215 2562 1461 2611 remittere
1497 2562 1778 2626 percussori

116 2631 318 2696 gloriam
355 2633 619 2683 ministerii.
671 2640 718 2683 at
745 2633 960 2681 centurio
1002 2632 1218 2695 quamvis
1252 2632 1510 2693 inermem,
1541 2631 1775 2696 praevali-

117 2701 222 2749 dum
257 2710 413 2751 tamen
453 2710 501 2752 et
537 2703 636 2752 irae
665 2717 804 2782 quain
831 2701 987 2750 timori
1029 2701 1305 2764 propiorem
1336 2714 1541 2749 cernens
1569 2702 1719 2764 premi
1750 2715 1776 2749 a
1795 2711 1835 2743 10

116 2770 340 2821 militibus
373 2771 518 2821 iubet.
577 2788 668 2821 nec
706 2771 861 2820 omisit
888 2770 1075 2819 Silanus
1104 2769 1253 2818 obniti
1281 2776 1328 2819 et
1354 2768 1601 2818 intendere
1635 2772 1775 2832 ictuS,

119 2849 339 2903 quantum
365 2840 578 2891 manibus
604 2840 740 2889 nudis
769 2839 988 2903 valebat,
1026 2839 1183 2889 donec
1214 2857 1240 2891 a
1268 2841 1544 2914 centurione
1570 2839 1775 2888 volneri-

117 2907 208 2958 bus
235 2910 452 2961 adversis
482 2919 715 2977 tamquam
744 2911 790 2959 in
817 2924 975 2973 pugna
1007 2910 1215 2959 caderet
