1976 3224
532 192 704 229 121ssssss
742 191 816 228 iv.
853 189 977 228 CAP.
1018 187 1237 232 32—36.
1614 177 1708 229 129

31 335 173 386 *quos
195 320 277 369 lex
295 319 554 368 maiestatis
575 318 899 382 amplectitur:
927 318 1117 366 Brutum
1134 325 1182 365 et
1205 316 1419 366 Cassium
1438 316 1710 366 laudavisse
1731 331 1768 363 ιο

52 391 203 451 dicor,
234 403 433 454 quorum
469 402 548 435 res
582 395 747 449 gestas
784 403 889 436 cum
925 388 1112 451 plurimi
1150 389 1534 451 composuerint,
1569 400 1708 434 nemo

51 461 156 508 sine
190 458 373 507 honore
411 453 703 505 memoravit.
758 457 890 505 Titus
927 457 1116 518 Livius,
1162 456 1468 520 eloquentiae
1507 471 1563 505 ac
1601 456 1710 503 fidei

55 527 334 592 praeclarus
361 527 407 573 in
433 527 620 591 primis,
655 525 739 574 Cn.
767 527 1043 591 Pompeium
1072 527 1212 574 tantis
1249 526 1464 575 laudibus
1493 526 1621 587 tulit,
1662 533 1712 573 ut

54 597 393 660 Pompeianum
441 610 546 643 eum
582 595 827 658 Augustus
873 595 1165 660 appellaret;
1205 611 1361 659 neque
1396 596 1442 643 id
1477 595 1709 644 amicitiae

54 681 218 726 eorum
255 666 431 713 offecit.
483 665 789 727 Scipionem,
830 666 1104 726 Afranium,
1143 665 1265 712 hunc
1293 667 1447 729 ipsum
1475 663 1707 724 Cassium,
1732 677 1768 710 15

51 735 178 784 hunc
211 734 404 782 Brutum
440 748 668 796 nusquam
694 734 909 783 latrones
943 743 990 782 et
1019 734 1296 798 parricidas,
1329 750 1450 798 quae
1478 750 1600 782 nu-nc
1628 748 1709 781 vo-

55 803 224 853 cabula
259 804 568 867 inponuntur,
609 818 756 866 saepe
794 811 841 851 ut
879 806 1079 866 insignis
1116 805 1246 851 viros
1283 806 1505 852 nominat.
1559 804 1713 852 Asinii

51 873 282 936 Pollionis
308 874 487 936 scripta
507 874 754 934 egregiam
775 873 1034 921 eorundem
1054 874 1325 921 memoriam
1346 873 1555 930 tradunt;
1588 873 1712 922 Mes-

52 941 173 991 salla
210 939 447 990 Corvinus
484 942 823 1005 imperatorem
860 957 994 990 suum
1033 942 1248 991 Cassium
1288 942 1619 1006 praedicabat:
1666 950 1714 990 et

52 1018 252 1076 uterque
274 1011 447 1075 opibus
474 1018 616 1074 atque
642 1011 906 1060 honoribus
933 1015 1240 1075 perviguere.
1283 1012 1431 1060 Marci
1459 1011 1710 1060 Ciceronis
1727 1023 1767 1055 20

52 1080 194 1143 libro,
222 1094 316 1144 quo
344 1079 577 1129 Catonem
607 1080 745 1128 caelo
770 1084 1019 1145 aequavit,
1058 1081 1169 1145 quid
1207 1082 1334 1130 aliud
1361 1082 1565 1130 dictator
1593 1080 1711 1129 Cae-

53 1165 130 1200 sar
170 1165 309 1214 quam
343 1151 579 1214 rescripta
615 1151 858 1212 oratione,
888 1151 1017 1198 velut
1043 1151 1168 1215 apud
1192 1151 1402 1213 iudiceS,
1430 1148 1712 1216 respondit?

51 1219 248 1268 Antonii
275 1218 538 1281 epistulae,
572 1218 702 1269 Bruti
729 1221 978 1268 contiones
1005 1220 1126 1268 falsa
1155 1221 1342 1284 quidem
1374 1222 1419 1268 in
1445 1221 1713 1283 Augustum

54 1287 260 1352 probra,
301 1295 376 1336 set
415 1287 560 1337 multa
599 1302 703 1336 cum
730 1288 996 1338 acerbitate
1031 1289 1231 1346 habent;
1262 1291 1468 1339 carmina
1495 1289 1712 1338 Bibaculi

54 1365 103 1405 et
136 1356 309 1405 Catulli
349 1357 529 1406 referta
566 1358 864 1407 contumeliis
900 1357 1158 1408 Caesarum
1188 1360 1434 1422 leguntur:
1480 1359 1565 1407 sed
1605 1361 1712 1422 ipse
1731 1370 1770 1401 25

52 1426 190 1475 divus
214 1426 384 1489 IuliuS,
421 1426 527 1489 ipse
553 1426 689 1475 divus
713 1428 959 1491 Augustus
985 1436 1032 1476 et
1061 1428 1215 1478 tulere
1252 1431 1341 1477 ista
1368 1437 1414 1476 et
1453 1430 1712 1492 reliquere,

50 1494 176 1544 haud
209 1495 354 1559 facile
389 1495 612 1558 dixerim,
653 1498 983 1546 moderatione
1017 1499 1172 1562 magis
1199 1514 1258 1548 an
1295 1499 1544 1562 sapientia.
1588 1512 1712 1545 narn-

52 1579 146 1629 que
171 1573 335 1630 spreta
365 1564 675 1615 exolescunt:
703 1569 742 1614 si
768 1567 1217 1631 irascare,badgnita
1242 1567 1497 1616 videntur.’

151 1635 235 1686 35.
274 1634 402 1683 eNon
444 1635 626 1697 attingo
664 1635 907 1699 GraecOS,
954 1651 1153 1701 quorum
1189 1651 1282 1685 non
1317 1636 1458 1685 modo
1500 1636 1712 1699 libertas,

54 1704 194 1761 etiam
218 1703 364 1753 libido
398 1705 649 1767 impunita;
689 1713 767 1754 aut
800 1706 842 1753 si
867 1707 972 1770 quis
1009 1706 1234 1769 advertit,
1276 1706 1414 1755 dictis
1439 1706 1563 1755 dicta
1588 1706 1712 1755 ultus

53 1780 142 1823 est.
177 1773 263 1822 sed
287 1774 489 1821 maxime
515 1773 721 1822 solutum
749 1782 795 1823 et
826 1777 928 1823 sine
956 1775 1286 1825 obtrectatore
1310 1776 1395 1824 fuit
1415 1776 1624 1841 prodere
1654 1776 1713 1824 de

54 1842 129 1903 iis,
161 1857 283 1904 quos
308 1845 435 1890 mors
464 1842 574 1890 odio
602 1850 680 1890 aut
705 1845 892 1906 gratiae
920 1846 1196 1893 exemisset.
1250 1860 1358 1893 num
1379 1846 1503 1893 enim
1523 1846 1712 1893 armatis

55 1907 224 1958 Cassio
263 1918 310 1958 et
342 1910 487 1959 Bruto
525 1926 582 1959 ac
617 1911 954 1975 Philippenses
994 1929 1190 1978 campos
1236 1914 1563 1977 optinentibus
1598 1914 1754 1962 belli5

55 1978 208 2027 civilis
237 1994 379 2027 causa
410 1979 637 2044 populum
662 1996 749 2044 per
780 1984 1029 2031 contiones
1055 1981 1294 2032 incendo?
1329 1999 1388 2031 an
1423 1984 1490 2032 illi
1527 1982 1716 2047 quidem
1814 1984 1821 1990 '

54 2049 491 2112 septuagensimum
525 2056 632 2098 ante
671 2065 839 2098 annum
878 2055 1104 2115 peremti,
1142 2067 1235 2115 quo
1263 2053 1406 2101 modo
1435 2053 1715 2115 imaginibus

54 2118 152 2165 suis
190 2126 476 2181 noscuntur,
514 2133 631 2181 quas
667 2134 727 2167 ne
763 2122 917 2169 victor
940 2122 1129 2185 quidem
1157 2121 1394 2184 abolevit,
1432 2123 1502 2169 sic
1535 2130 1715 2186 partem

53 2188 312 2237 memoriae
339 2187 463 2251 apud
484 2189 749 2251 scriptores
771 2189 1014 2240 retinent?
1040 2207 1172 2240 suum
1194 2192 1365 2254 cuique
1383 2191 1531 2240 decus
1554 2200 1712 2255 poste-

53 2255 169 2306 ritas
188 2257 434 2320 rependit;
464 2271 556 2305 nec
575 2257 792 2322 deerunt,
821 2261 859 2307 si
881 2259 1114 2310 damnatio
1137 2261 1328 2323 ingruit,
1355 2261 1433 2326 qui
1453 2275 1548 2309 non
1567 2260 1709 2309 modo
1732 2277 1770 2309 ιι)

56 2321 208 2374 Cassii
250 2333 297 2375 et
345 2325 477 2375 Bruti
525 2334 601 2375 set
642 2328 782 2376 etiam
825 2330 917 2378 mei
949 2332 1283 2379 meminerint.'
1337 2346 1563 2393 egressus
1604 2331 1713 2379 dein

55 2402 222 2443 senatu
261 2396 401 2444 vitam
443 2395 727 2446 abstinentia
766 2399 927 2448 finivit.
979 2400 1128 2449 libros
1163 2415 1252 2465 per
1282 2399 1465 2448 aediles
1502 2415 1711 2448 creman-

55 2461 143 2511 dos
187 2465 420 2513 censuere
457 2472 643 2528 patres:
683 2474 758 2514 set
791 2478 1062 2518 manserunt
1089 2470 1315 2518 occultati
1353 2477 1398 2517 et
1441 2470 1566 2518 editi.
1619 2483 1711 2533 quo

54 2533 207 2594 magis
234 2534 512 2582 socordiam·
534 2548 698 2582 eorum
726 2537 930 2587 inridere
957 2539 1090 2601 libet,
1119 2541 1196 2602 qui
1230 2540 1471 2602 praesenti
1499 2539 1713 2602 potentia

0 2643 1 2661 ἦ
57 2602 253 2651 credunt
279 2604 495 2666 extingui
526 2617 674 2666 posse
698 2606 835 2654 etiam
863 2609 1107 2671 sequentis
1133 2610 1238 2669 aevi
1265 2609 1554 2655 memoriam.
1605 2623 1710 2656 nam
1730 2623 1768 2655 ιε»

0 2735 1 2744 ¹
58 2678 224 2719 contra
253 2673 425 2736 punitis
457 2673 661 2734 ingeniis
686 2673 848 2735 gliscit
875 2676 1160 2739 auctoritas,
1188 2692 1344 2739 neque
1376 2676 1501 2724 aliud
1528 2679 1711 2730 externi

0 2795 1 2804 ἵ
56 2753 202 2800 reges
229 2749 305 2790 aut
331 2744 409 2805 qui
436 2741 604 2809 eadem
636 2744 832 2792 saevitia
869 2747 938 2793 usi
977 2753 1108 2807 sunt,
1149 2746 1236 2793 nisi
1275 2745 1485 2794 dedecus
1517 2746 1608 2794 sibi
1643 2754 1708 2795 at-

0 2814 2 2838 *
60 2820 152 2869 que
179 2809 271 2857 illis
295 2810 498 2872 gloriam
526 2826 780 2875 peperere.

165 2877 246 2926 36.
281 2878 842 2950 Ceterumbpostulandis
883 2883 978 2930 reis
1017 2890 1109 2931 tam
1146 2885 1395 2933 continuus
1434 2900 1582 2934 annus
1611 2885 1709 2947 suit,

129 2961 273 2993 ‘meu-1
298 2965 412 2995 ptxns
439 2966 470 2998 1.
1415 2955 1445 3003 9
