1976 3224
249 144 354 193 290
669 152 943 190 CORNELII
981 152 1175 190 TACITI
1200 140 1523 194 ANNALIUM*

250 281 385 331 oneri
424 280 537 329 dolo
575 279 938 328 fabricantium}
976 279 1062 328 sed
1089 281 1168 344 qui
1197 280 1383 343 ingredi
1409 283 1510 330 ausi
1547 292 1676 348 sunt,
1713 285 1915 335 validum

250 359 299 401 et
327 349 466 399 fidum
492 349 794 398 intellexere.
1459 351 1477 367 ⁶

354 420 433 470 16.
470 417 693 467 Ceterum
733 419 950 468 obsessis
986 419 1109 467 adeo
1148 419 1539 485 suppeditavisse
1575 437 1678 470 rem
1710 423 1913 473 frumen-

247 491 414 539 tariam
443 489 680 552 constitit,
725 497 773 537 ut
798 489 987 537 horreis
1013 491 1173 552 ignem
1202 490 1469 554 inicerent,
1508 499 1775 556 contraque
1804 508 1913 558 pro-

247 559 421 608 diderit
459 556 673 608 Corbulo
710 557 915 607 Parthos
955 561 1130 623 inopes
1173 560 1419 624 copiarum
1460 567 1508 608 et
1544 561 1721 625 pabulo
1752 563 1912 611 attrito

245 628 504 696 relicturos
526 630 953 692 oppugnationem,
975 643 1133 692 neque
1156 643 1210 677 se
1231 629 1341 693 plus
1362 630 1502 678 tridui
1523 630 1694 679 itinere
1716 631 1912 681 afuisse.
1971 657 1973 659 ·

205 711 227 743 5
247 698 392 748 adicit
427 698 531 746 iure
562 696 761 746 iurando
792 698 924 746 Paeti
957 706 1143 746 cautum
1174 697 1300 762 apud
1334 701 1500 766 signa,
1533 700 1831 750 adstantibus
1855 701 1913 749 iis

249 782 374 833 quos
398 767 702 816 testificando
732 783 821 815 rex
847 769 1074 829 misisset,
1103 770 1340 816 neminem
1358 769 1620 819 Romanum
1639 771 1911 828 Armeniam

244 840 589 901 ingressurum,
631 837 786 886 donec
810 837 1108 885 referrentur
1135 836 1305 887 literae
1329 838 1567 903 Neronis,
1606 855 1666 888 an
1699 842 1806 904 paci
1831 839 1911 888 ad-

244 914 432 957 nueret.
483 921 604 970 quae
644 914 694 954 ut
729 907 977 970 augendae
1013 907 1238 956 infamiae
1282 909 1576 973 composita,
1621 910 1693 958 sic
1727 910 1911 974 reliqua

243 993 341 1027 non
366 978 414 1025 in
441 975 651 1025 obscuro
677 976 931 1039 habentur,
958 992 1049 1031 una
1076 975 1152 1025 die
1175 977 1488 1041 quadraginta
1514 978 1689 1028 milium
1708 983 1911 1044 spatium

184 1060 228 1094 10
245 1062 488 1097 emensum
516 1061 628 1094 esse
655 1045 866 1110 Paetum,
896 1046 1102 1115 desertis
1133 1049 1312 1110 passim
1338 1049 1543 1111 sauciiS‚
1571 1063 1729 1112 neque
1758 1051 1911 1097 minus

243 1117 509 1166 deformem
543 1115 674 1164 illam
709 1115 991 1179 fugientium
1028 1115 1393 1180 trepidationem
1435 1132 1574 1181 quam
1613 1119 1653 1166 si
1692 1125 1830 1181 terga
1863 1119 1910 1166 in

242 1188 347 1236 acie
373 1187 648 1234 vertissent.
699 1183 914 1235 Corbulo
943 1200 1048 1234 cum
1074 1187 1171 1234 suis
1201 1187 1355 1250 copiis
1378 1186 1504 1251 apud
1523 1189 1674 1252 ripam
1693 1187 1908 1252 Euphra-

240 1257 301 1304 tis
329 1255 499 1305 obvius
538 1269 635 1303 non
662 1269 767 1303 eam
797 1255 1011 1319 speciem
1037 1256 1291 1318 insignium
1320 1263 1368 1304 et
1402 1272 1638 1306 armorum
1666 1257 1907 1321 praetulit,

239 1332 292 1373 ut
322 1325 646 1388 diversitatem
675 1324 1011 1389 exprobraret.
1063 1326 1231 1373 maesti
1259 1326 1486 1390 manipuli
1515 1342 1573 1375 ac
1598 1327 1753 1375 vicem
1782 1341 1906 1375 com-

184 1408 224 1440 15
240 1395 501 1443 militonum
525 1395 812 1442 miserantes
842 1409 903 1442 ne
928 1393 1136 1442 lacrimis
1158 1394 1345 1458 quidem
1366 1403 1663 1460 temperare;
1690 1397 1772 1444 vix
1792 1409 1907 1460 prae

240 1464 353 1513 fletu
379 1470 608 1528 usurpata
646 1463 984 1515 consalutatiO.
1038 1463 1321 1513 decesserat
1360 1474 1603 1514 certamen
1639 1466 1823 1514 virtutis
1859 1471 1908 1513 et

241 1533 434 1582 ambitio
460 1534 677 1596 gloriae,
705 1533 916 1581 felicium
941 1532 1180 1582 hominum
1211 1533 1456 1583 adfectus:
1491 1535 1599 1584 sola
1632 1535 1904 1584 misericor-

241 1602 313 1652 dia
340 1602 552 1665 valebat,
584 1609 632 1651 et
662 1601 787 1666 apud
813 1604 1024 1652 minores
1047 1605 1218 1667 magis,

347 1675 425 1721 17.
465 1671 649 1720 Ducum
685 1673 810 1720 inter
847 1687 899 1720 se
935 1671 1099 1721 brevis
1125 1687 1286 1722 sermo
1314 1681 1508 1722 secutus
1534 1681 1632 1736 est,
1670 1673 1766 1723 hoc
1792 1665 1903 1723 co'n·

241 1749 475 1806 querente
503 1743 592 1789 iam
618 1742 806 1790 inritum
831 1740 1075 1804 laborem,
1119 1745 1333 1806 potuisse
1358 1742 1537 1792 bellum
1566 1743 1682 1806 fuga
1707 1743 1903 1791 Partho·

238 1827 340 1859 rum
362 1811 507 1859 liniri:
540 1810 623 1858 ille
645 1811 832 1873 integra
851 1812 1039 1875 utrique
1064 1819 1233 1861 cuncta
1253 1813 1533 1877 respondit:
1565 1819 1905 1861 converterent

240 1880 425 1945 aquilas
467 1887 514 1928 et
550 1881 695 1928 iuncti
738 1879 1022 1942 invaderent
1057 1880 1332 1931 Armeniam
1373 1881 1605 1931 abscessu
1638 1881 1903 1944 Vologesis

195 1967 214 1998 5
235 1952 531 1999 infirmatam.
582 1963 677 1997 non
724 1965 782 1998 ea
829 1951 1135 2014 imperatoris
1176 1950 1357 2000 habere
1402 1952 1619 2000 mandata
1661 1947 1899 2003 Corbulo:

238 2019 458 2084 periculo
485 2019 730 2083 legionum
756 2027 1042 2068 commotum
1071 2035 1098 2068 e
1125 2022 1374 2084 provincia
1407 2035 1683 2085 egressum;
1714 2019 1901 2085 quando

237 2092 283 2137 in
304 2090 491 2139 incerto
518 2088 783 2138 habeantur
807 2089 1089 2139 Parthorum
1114 2098 1332 2153 conatuS,
1362 2091 1544 2140 Suriam
1563 2091 1899 2155 repetiturum:

238 2159 308 2207 sic
337 2173 529 2224 quoque
560 2159 787 2223 optimam
813 2164 1064 2209 Fortunam
1094 2160 1349 2224 orandam,
1390 2168 1439 2209 ut
1469 2159 1620 2225 pedes
1649 2159 1901 2208 confectus

237 2229 406 2297 spatiis
441 2229 659 2278 itinerum
695 2229 904 2278 alacrem
932 2237 979 2277 et
1017 2229 1248 2278 facilitate
1288 2244 1562 2294 camporum
1589 2229 1898 2294 praevenien-

179 2309 222 2343 10
238 2306 333 2347 tem
372 2299 578 2362 equitem
614 2298 976 2363 adsequeretur.
1038 2300 1162 2347 exim
1201 2299 1376 2348 Paetus
1419 2315 1506 2363 per
1542 2297 1898 2363 Cappadociam

234 2367 527 2417 hibernavit:
567 2375 615 2417 at
640 2369 907 2431 Vologesis
937 2368 997 2416 ad
1025 2367 1348 2417 Corbulonem
1382 2369 1516 2417 missi
1542 2369 1716 2431 nuntii,
1744 2365 1896 2416 detra·

234 2438 374 2487 heret
401 2437 603 2486 castella
640 2445 770 2486 trans
797 2437 1076 2501 Euphraten
1115 2453 1421 2502 amnemque,
1458 2445 1508 2486 ut
1532 2437 1671 2500 olim,
1697 2435 1896 2485 medium

234 2508 437 2557 faceret.
499 2507 582 2556 ille
618 2507 892 2556 Armeniam
932 2522 1124 2572 quoque
1163 2507 1367 2556 diversis
1407 2507 1659 2573 praesidiis
1698 2519 1895 2555 vacuam

236 2578 339 2626 fieri
368 2577 720 2641 expostulabat.
769 2585 816 2626 et
837 2585 1081 2642 postremo
1106 2578 1350 2626 concessit
1369 2593 1480 2635 rex;
1509 2578 1752 2640 dirutaque
1773 2589 1894 2638 quae

176 2664 219 2697 15
237 2646 517 2712 Euphraten
545 2646 670 2696 ultra
701 2649 1073 2697 communiverat
1102 2646 1338 2711 Corbulo,
1371 2655 1420 2696 et
1442 2646 1655 2696 Armenii
1684 2644 1786 2692 sine
1823 2658 1893 2691 ar-

235 2717 362 2765 bitro
387 2717 545 2765 relicti
573 2725 695 2765 sunt.

343 2786 424 2837 18.
460 2786 525 2835 At
548 2786 733 2836 Romae
759 2794 959 2851 tropaea
991 2787 1049 2835 de
1085 2786 1269 2836 Parthis
1298 2799 1534 2849 arcusque
1568 2782 1722 2831 medio
1753 2780 1892 2845 Capi-

237 2854 372 2902 tolini
407 2857 578 2904 montis
627 2856 938 2919 sistebantur,
983 2856 1176 2905 decreta
1213 2855 1271 2904 ab
1313 2862 1477 2904 senatu
1514 2854 1703 2915 integro
1740 2849 1893 2898 adhuc
