1976 3224
552 231 725 268 LIBER
747 231 808 269 11.
839 230 962 268 CAP.
990 228 1190 272 71—77.
1664 219 1730 269 73

69 358 205 420 isque
233 356 454 404 infamem
483 357 740 404 veneficiis
781 372 837 404 ea
879 358 924 403 in
960 358 1207 420 provincia
1247 366 1295 406 et
1330 358 1583 406 Plancinae
1620 371 1769 418 per-5

64 439 243 485 caram,
271 427 460 473 nomine
487 423 751 486 Martinam,
779 426 825 473 in
845 425 1013 473 urbem
1035 427 1175 486 misit
1204 426 1556 490 postulantibus
1577 424 1727 473 Vitel-

67 494 133 543 lio
161 508 217 541 ac
243 493 454 541 Veranio
482 494 756 556 ceterisque
789 494 867 556 qui
907 495 1099 542 crimina
1140 503 1187 542 et
1224 496 1582 543 accusationem
1616 501 1730 542 tam-

0 604 9 610 .
70 577 208 627 quam
234 563 463 610 adversus
490 569 720 625 receptos
747 563 838 610 iam
865 576 979 610 reos
1007 563 1317 611 instruebant.

176 631 257 679 75.
292 631 356 678 At
384 631 675 694 Agrippina,
716 646 998 695 quamquam
1035 631 1228 680 defessa
1266 632 1397 680 luctu
1436 639 1485 679 et
1523 645 1731 695 corpore

69 709 248 762 aegrO,
278 701 480 747 omnium
510 706 666 746 tamen
696 714 819 762 quae
846 700 1076 748 ultionem
1110 708 1411 748 morarentur
1449 700 1730 762 intolerans,

67 767 283 816 ascendit
315 767 521 816 classem
549 783 650 815 cum
692 768 930 815 cineribus
959 767 1227 816 Germanici
1265 777 1312 817 et
1353 769 1552 830 liberis,
1589 770 1730 817 mise-

67 836 278 884 rantibus
304 837 514 897 cunctiS,
554 837 681 899 quod
716 837 889 884 femina
926 837 1172 885 nobilitate
1210 838 1470 901 princepS,
1508 837 1729 901 pulcher-

66 907 184 954 rimo
223 905 365 953 modo
400 906 697 953 matrimonio
733 907 856 953 inter
894 907 1167 954 venerantis
1213 907 1542 968 gratantisque
1580 907 1732 970 aspici
1755 923 1775 954 5

69 974 226 1035 solita,
254 981 366 1022 tunc
395 973 562 1022 feralis
586 974 813 1037 reliquias
844 975 948 1022 sinu
973 975 1149 1036 ferret,
1187 976 1371 1023 incerta
1405 975 1623 1037 ultionis,
1653 991 1731 1023 an·

66 1044 145 1091 xia
171 1044 242 1090 sui
279 1050 326 1090 et
350 1042 532 1090 infelici
570 1043 862 1090 fecunditate
898 1044 1117 1092 fortunae
1157 1046 1335 1092 totiens
1366 1043 1596 1092 obnoxia.
1659 1044 1731 1092 Pi-

70 1126 235 1160 sonem
259 1112 445 1159 interim
473 1111 598 1174 apud
628 1110 779 1159 Coum
804 1112 1005 1159 insulam
1028 1113 1215 1159 nuntius
1253 1113 1531 1176 adsequitur
1560 1127 1731 1161 exces-

70 1181 191 1228 sisse
219 1179 560 1229 Germanicum.
617 1194 710 1242 quo
751 1181 1125 1243 intemperanter
1159 1188 1364 1244 accepto
1407 1181 1564 1229 caedit
1595 1182 1730 1229 victi-

67 1264 195 1308 mas,
231 1249 327 1297 adit
362 1248 565 1310 templa,
603 1263 760 1311 neque
801 1250 906 1311 ipse
945 1250 1168 1311 gaudium
1203 1250 1458 1298 moderans
1496 1257 1543 1298 et
1581 1250 1731 1312 magis
1751 1262 1789 1293 ic

67 1317 396 1365 insolescente
425 1316 666 1377 Plancina,
698 1332 819 1379 quae
846 1318 1022 1365 luctum
1050 1319 1254 1367 amissae
1282 1320 1466 1366 sororis
1503 1326 1599 1366 tum
1636 1320 1729 1382 pri-

72 1401 195 1433 mum
220 1386 350 1434 laeto
383 1384 510 1432 cultu
538 1387 747 1433 mutavit.

175 1455 256 1504 76.
296 1453 587 1502 Adfluebant
632 1456 937 1502 centuriones
983 1455 1337 1518 monebantque
1390 1463 1611 1518 prompta
1664 1455 1732 1503 illi

70 1524 311 1586 legionum
347 1523 523 1571 studia:
563 1531 812 1585 repeteret
850 1524 1146 1587 provinciam
1183 1538 1278 1571 non
1315 1526 1417 1571 iure
1453 1524 1660 1572 ablatam
1686 1532 1734 1572 et

69 1607 281 1641 vacuam.
334 1593 478 1654 igitur
504 1592 613 1655 quid
641 1592 875 1654 agendum
903 1593 1186 1640 consultanti
1222 1592 1283 1639 Μ.
1313 1592 1422 1651 Piso
1460 1593 1583 1640 filius
1620 1607 1730 1655 pro-

70 1661 330 1724 perandum
355 1662 401 1708 in
426 1661 591 1708 urbem
621 1661 877 1708 censebat:
910 1661 1024 1709 nihil
1052 1661 1205 1709 adhuc
1234 1661 1526 1724 inexpiabile
1561 1661 1730 1709 admis-

70 1744 196 1791 sum,
222 1745 380 1793 neque
409 1731 698 1792 suspitiones
731 1729 983 1778 inbecillas
1011 1737 1088 1777 aut
1122 1731 1275 1777 inania
1311 1730 1464 1778 famae
1504 1731 1728 1793 pertime-
1751 1740 1770 1770 5

70 1798 266 1846 scenda.
320 1798 608 1846 discordiam
639 1813 756 1860 erga
783 1798 1112 1847 Germanicum
1138 1798 1249 1847 odio
1275 1798 1484 1846 fortasse
1523 1799 1728 1860 dignam,

69 1881 163 1914 non
195 1881 377 1928 poena;
418 1874 463 1913 et
488 1867 792 1929 ademptione
831 1867 1110 1930 provinciae
1148 1868 1262 1915 satis
1299 1867 1475 1916 factum
1510 1868 1728 1914 inimicis.

73 1935 198 1998 quod
226 1935 266 1981 si
291 1934 649 1996 regrederetur,
678 1934 943 1983 obsistente
976 1936 1141 1983 Sentio
1172 1936 1314 1983 civile
1346 1935 1524 1983 bellum
1559 1935 1728 1998 incipi;

70 2019 162 2051 nec
189 2003 440 2051 duraturos
468 2004 514 2049 in
538 2003 751 2066 partibus
780 2005 1083 2051 centuriones
1113 2005 1414 2066 militesque,
1447 2004 1570 2066 apud
1610 2017 1731 2066 quos

70 2087 243 2120 recens
271 2073 573 2135 imperatoris
602 2072 673 2119 sui
699 2073 928 2120 memoria
966 2079 1011 2119 et
1045 2074 1233 2135 penitus
1272 2073 1442 2119 infixus
1477 2074 1523 2118 in
1554 2071 1729 2120 Caesa·
1749 2080 1787 2112 10

71 2156 150 2188 res
176 2155 308 2188 amor
338 2141 658 2203 praevaleret.

175 2210 257 2257 77.
295 2207 471 2258 Contra
497 2209 730 2257 Domitius
761 2208 932 2269 Celer,
970 2224 1030 2256 ex
1054 2210 1209 2256 intima
1237 2209 1339 2256 eius
1366 2208 1598 2269 amicitia,
1637 2207 1728 2255 dis·

74 2279 220 2325 seruit
245 2278 465 2325 utendum
494 2286 692 2326 eventu:
719 2277 957 2338 Pisonem,
979 2291 1073 2324 non
1099 2278 1309 2325 Sentium
1330 2278 1498 2324 Suriae
1523 2291 1729 2339 praepo-

74 2348 232 2402 situm;
259 2346 367 2394 huic
394 2346 555 2395 fasces
586 2354 633 2394 et
658 2347 729 2394 ius
768 2347 1032 2409 praetoris,
1065 2347 1174 2394 huic
1210 2345 1431 2408 legiones
1475 2345 1624 2394 datas.
1690 2346 1729 2392 si

75 2415 183 2477 quid
208 2415 383 2463 hostile
422 2417 634 2477 ingruat,
672 2431 812 2478 quem
847 2416 1014 2471 iustius
1053 2430 1179 2462 arma
1216 2415 1544 2478 oppositurum
1580 2428 1731 2477 quam

75 2483 152 2546 qui
179 2483 325 2545 legati
350 2486 678 2531 auctoritatem
706 2491 753 2532 et
779 2485 973 2547 propria
1009 2483 1225 2532 mandata
1258 2480 1540 2545 acceperit?
1586 2483 1727 2529 relin-
1749 2489 1768 2521 ⁵

77 2552 309 2613 quendum
338 2552 477 2599 etiam
507 2552 774 2600 rumoribus
800 2560 986 2615 tempus
1016 2567 1109 2615 quo
1139 2559 1419 2599 senescant:
1447 2551 1729 2613 plerumque

0 2662 1 2666 ,
74 2620 355 2669 innocentes
383 2623 568 2668 recenti
599 2621 803 2668 invidiae
830 2622 1036 2682 inpares.
1095 2628 1140 2668 at
1175 2622 1214 2667 si
1250 2626 1410 2666 teneat
1447 2620 1728 2678 exercitum,

77 2696 248 2750 augeat
272 2691 418 2750 vireS,
449 2689 620 2749 multa,
649 2703 770 2751 quae
799 2688 1042 2750 provideri
1079 2703 1173 2735 non
1208 2689 1421 2749 possint,
1460 2686 1652 2733 fortuito
1683 2687 1728 2735 in

77 2757 245 2805 melius
274 2772 457 2805 casura.
526 2759 614 2804 ‘an
642 2757 917 2804 festinamus
947 2771 1050 2803 cum
1079 2755 1343 2804 Germanici
1372 2754 1611 2812 cineribus
1649 2754 1727 2803 ad-

79 2824 293 2887 pellere,
321 2834 370 2873 ut
395 2833 442 2873 te
479 2826 734 2873 inauditum
774 2832 821 2872 et
856 2824 1151 2871 indefensum
1187 2823 1403 2886 planctus
1431 2822 1725 2886 Agrippinae
1746 2839 1786 2870 10

78 2905 133 2940 ac
157 2894 328 2955 vulgus
354 2895 619 2957 imperitum
646 2894 797 2956 primo
819 2906 1009 2940 rumore
1036 2890 1256 2955 rapiant?
1284 2899 1356 2939 est
1381 2891 1462 2939 tibi
1481 2890 1725 2953 Augustae
