1976 3224
223 229 327 280 212
668 238 944 277 CORNELII
965 237 1160 276 TACITI
1181 237 1487 275 ANNAmUM

226 369 306 426 diu
334 376 383 417 et
407 367 636 417 Romanis
673 368 814 416 armis
841 366 1097 429 defensus,
1137 381 1240 414 cum
1276 363 1658 414 Cartimanduam
1681 363 1901 427 'reginam

223 440 526 489 matrimonio
554 445 763 494 teneret;
801 451 916 485 mox
951 445 1055 485 orto
1091 435 1294 485 discidio
1332 441 1378 483 et
1415 435 1570 483 statim
1599 433 1732 483 bello
1761 435 1901 482 etiam

225 510 459 559 adversus
488 523 577 557 nos
604 507 797 556 hostilia
825 506 1058 556 induerat.
1107 505 1195 555 sed
1224 506 1378 571 primo
1404 511 1583 553 tantum
1608 505 1733 552 inter
1762 505 1899 568 ipsos

226 578 526 642 certabatur,
568 577 852 642 callidisque
880 575 1215 627 Cartimandua
1247 574 1427 630 artibus
1462 573 1660 624 fratrem
1697 588 1754 623 ac
1789 588 1900 638 pro-

167 666 208 699 ·25
226 652 434 716 pinquos
468 649 663 699 Venutii
701 649 974 713 intercepit.
1027 646 1135 695 inde
1176 646 1371 695 accensi
1400 644 1594 708 hosteS,
1633 643 1901 694 stimulante

222 720 509 784 ignominia,
546 734 607 766 ne
643 718 850 767 feminae
891 719 1096 782 imperio
1134 715 1479 779 subderentur,
1516 714 1676 764 valida
1703 721 1750 762 et
1773 713 1902 762 lecta

223 791 370 840 armis
394 790 618 837 iuventus
642 802 845 852 regnum
874 789 976 836 eius
1001 786 1243 836 invadunt.
1287 784 1416 851 quod
1441 783 1583 834 nobis
1611 785 1899 850 praevisum,

225 867 274 909 et
299 861 477 908 missae
503 858 681 908 auxilio
716 858 943 907 cohortes
971 873 1084 906 acre
1111 856 1350 922 proelium
1374 855 1570 919 fecere,
1602 855 1735 904 cuius
1767 855 1901 902 initio

177 979 181 982 ,
224 930 451 994 ambiguo
481 930 587 978 finis
616 928 791 978 laetior
824 928 926 976 fuit.
978 942 1138 992 neque
1175 926 1355 991 dispari
1383 932 1558 974 eventu
1585 931 1843 990 pugnatum
1877 938 1903 972 a

164 1014 207 1047 20
225 1001 441 1064 legione,
472 1001 546 1048 cui
577 998 780 1047 Caesius
805 997 983 1047 Nasica
1009 1004 1258 1062 praeerat;
1296 1010 1404 1044 nam
1428 994 1623 1058 Didius,
1653 1001 1902 1044 senectute

224 1071 389 1134 gravis
426 1077 474 1118 et
511 1069 656 1117 multa
695 1069 838 1133 copia
873 1068 1136 1130 honorum,
1178 1081 1268 1132 per
1303 1066 1547 1115 ministros
1577 1079 1728 1128 agere
1757 1072 1804 1114 et
1830 1079 1901 1113 ar-

226 1155 339 1190 cere
370 1139 558 1188 hostem
594 1139 712 1188 satis
749 1136 976 1187 habebat.
1021 1138 1168 1200 haec,
1213 1150 1495 1201 quamquam
1528 1151 1555 1185 a
1592 1134 1778 1184 duobus
1813 1148 1902 1200 pro

226 1209 533 1276 praetoribus
565 1209 731 1274 plures
759 1223 848 1272 per
876 1222 1026 1257 annos
1054 1214 1213 1271 gesta,
1243 1207 1486 1268 coniunxi,
1515 1220 1576 1254 ne
1603 1204 1755 1254 divisa
1780 1202 1904 1253 haud

225 1279 425 1345 perinde
462 1279 521 1327 ad
565 1280 844 1327 memoriam
881 1280 954 1328 sui
1000 1278 1247 1327 valerent:
1288 1276 1347 1326 ad
1381 1283 1650 1342 temporum
1691 1273 1905 1324 ordinem

164 1367 207 1399 25
226 1350 393 1402 rede0.

323 1420 407 1469 41.
457 1418 528 1467 Ti.
570 1417 772 1468 Claudio
811 1419 1023 1482 quintum
1050 1417 1224 1466 Servio
1269 1415 1499 1467 Cornelio
1541 1415 1692 1465 Orfito
1733 1423 1902 1464 consu·

224 1490 350 1539 libus
379 1489 533 1537 virilis
570 1496 689 1552 toga
714 1488 897 1537 Neroni
931 1495 1186 1551 maturata,
1217 1502 1312 1552 quo
1349 1485 1684 1551 capessendae
1721 1486 1791 1534 rei
1819 1499 1903 1549 pu-

224 1559 383 1609 blicae
412 1558 589 1608 habilis
627 1559 890 1608 videretur.
942 1566 990 1607 et
1020 1556 1203 1607 Caesar
1240 1556 1591 1606 adulationibus
1631 1562 1825 1604 senatus
1849 1553 1904 1603 li·

224 1630 344 1679 bens
370 1630 534 1690 cessit,
558 1636 608 1677 ut
638 1630 903 1678 vicensimo
933 1629 1101 1678 aetatis
1127 1641 1250 1676 anno
1281 1626 1579 1676 consulatum
1605 1625 1737 1674 Nero
1765 1624 1905 1672 iniret

181 1721 201 1753 5
225 1708 369 1763 atque
395 1699 584 1747 interim
610 1698 892 1762 designatus
920 1697 1273 1763 proconsulare
1294 1696 1546 1760 imperium
1575 1702 1713 1743 extra
1737 1693 1903 1743 urbem

225 1769 430 1818 haberet
454 1783 512 1816 ac
539 1769 767 1833 princeps
792 1770 1048 1817 iuventutis
1080 1766 1424 1832 appellaretur.
1477 1764 1683 1814 additum
1715 1764 1904 1813 nomine

225 1840 328 1888 eius
359 1838 635 1887 donativum
661 1838 823 1902 militi,
864 1837 1161 1900 congiarium
1184 1836 1363 1902 plebei.
1420 1843 1467 1884 et
1491 1834 1681 1885 ludicro
1721 1835 1903 1884 circen·

225 1910 371 1973 sium,
409 1909 537 1973 quod
565 1908 871 1974 adquirendis
898 1908 1032 1972 vulgi
1059 1907 1227 1957 studiis
1253 1905 1500 1969 edebatur,
1530 1903 1831 1954 Britannicus
1858 1905 1904 1952 in

224 1986 498 2044 praetexta,
525 1978 658 2028 Nero
686 1977 961 2043 triumphali
984 1984 1123 2026 veste
1151 1977 1355 2027 travecti
1386 1983 1518 2025 sunt:
1544 1982 1791 2040 spectaret
1818 1988 1903 2040 po-

167 2067 209 2100 10
226 2049 367 2114 pulus
397 2048 522 2098 hunc
549 2049 731 2099 decore
759 2048 1097 2114 imperatorio,
1122 2047 1255 2097 illum
1283 2045 1456 2112 puerili
1480 2044 1673 2108 habitu,
1714 2059 1770 2094 ac
1795 2059 1903 2109 per-

224 2119 332 2168 inde
358 2119 597 2169 fortunam
625 2119 869 2184 utriusque
896 2125 1244 2182 praesumeret.
1300 2115 1436 2165 simul
1469 2116 1550 2180 qui
1577 2115 1904 2164 centurionum

224 2189 621 2253 tribunorumque
659 2197 841 2238 sortem
870 2187 1131 2237 Britannici
1168 2185 1544 2249 miserabantur,
1581 2186 1752 2234 remoti
1781 2185 1904 2234 fictis

225 2261 385 2307 causis
414 2266 461 2307 et
492 2259 571 2308 alii
598 2275 687 2324 per
712 2260 927 2324 speciem
962 2259 1189 2316 honoris;
1230 2258 1372 2307 etiam
1407 2255 1691 2305 libertorum
1729 2255 1767 2304 si
1799 2255 1904 2319 quis

222 2329 502 2392 incorrupta
531 2329 642 2392 fide,
673 2328 932 2394 depellitur
955 2328 1039 2377 tali
1066 2329 1346 2378 occasione.
1396 2325 1527 2375 obvii
1550 2327 1675 2375 inter
1699 2340 1752 2374 se
1772 2323 1903 2374 Nero

167 2419 207 2450 15
226 2397 548 2446 Britannicum
572 2399 789 2461 nomine,
829 2398 914 2447 ille
947 2397 1205 2447 Domitium
1230 2397 1522 2446 salutavere.
1577 2394 1705 2460 quod
1731 2402 1781 2444 ut
1811 2393 1903 2443 dis·

226 2467 424 2516 cordiae
459 2469 639 2517 initium
675 2468 945 2533 Agrippina
982 2468 1130 2517 multo
1168 2474 1340 2532 questu
1373 2466 1431 2515 ad
1466 2466 1685 2516 maritum
1722 2464 1901 2514 defert:

225 2539 392 2601 sperni
424 2538 605 2604 quippe
632 2538 961 2603 adoptionem,
992 2552 1213 2602 quaeque
1241 2537 1515 2586 censuerint
1543 2543 1723 2600 patres,
1751 2535 1903 2583 iusse-

224 2609 285 2656 rit
310 2608 546 2672 populuS,
587 2610 710 2658 intra
749 2615 950 2673 penates
982 2607 1238 2672 abrogari:
1278 2623 1336 2656 ac
1361 2607 1451 2655 nisi
1477 2607 1687 2670 pravitas
1715 2611 1807 2653 tam
1835 2604 1902 2651 in-

224 2679 364 2726 fensa
400 2677 671 2727 docentium
707 2686 953 2742 arceatur,
993 2685 1220 2743 eruptura
1258 2679 1303 2726 in
1340 2676 1582 2742 publicam
1620 2675 1901 2740 perniciem.

165 2764 209 2797 20
230 2755 495 2796 commotus
521 2748 594 2796 his
618 2749 754 2813 quasi
783 2747 1055 2797 criminibus
1085 2749 1312 2813 optimum
1336 2759 1571 2811 quemque
1594 2743 1901 2793 educatorem

226 2816 307 2864 filii
341 2817 486 2865 exilio
511 2826 589 2867 aut
612 2826 768 2866 morte
795 2818 955 2867 adficit
981 2817 1216 2883 datosque
1239 2833 1263 2867 a
1285 2830 1499 2865 noverca
1526 2813 1776 2862 custodiae
1799 2813 1900 2862 eius
1946 2829 1954 2836 ·

227 2886 429 2949 inponit.

331 2954 414 3003 42.
459 2954 677 3004 Nondum
713 2963 867 3005 tamen
896 2971 1072 3005 summa
1098 2956 1253 3004 moliri
1280 2954 1554 3019 Agrippina
1587 2952 1814 3016 audebat,
1855 2952 1901 3001 ni
