1976 3224
601 200 775 239 LIBER
794 200 880 241 111.
911 199 1035 238 cAP.
1058 197 1258 242 57—62.
1665 190 1763 240 105

100 346 127 379 e
154 331 363 395 paternis
393 327 606 377 consiliis
628 326 834 375 discere.
881 343 996 375 sane
1021 335 1303 389 gravaretur
1323 335 1570 392 aspectum
1595 329 1765 376 civium

98 415 251 448 senex
276 401 539 463 imperator
570 397 848 460 fessamque
881 404 1095 463 aetatem·
1129 405 1175 444 et
1210 406 1345 446 actos
1384 397 1580 446 labores
1622 412 1762 462 prae-

101 470 345 518 tenderet:
374 467 533 515 Druso
561 466 687 529 quod
714 468 802 514 nisi
829 481 892 514 ex
914 467 1195 529 adrogantia
1219 465 1639 530 impedimentum?
1781 484 1822 517 15

203 539 286 588 60.
323 536 422 586 Sed
459 535 709 598 Tiberius,
743 537 836 583 vim
875 537 1171 600 principatus
1215 536 1302 584 sibi
1341 536 1553 598 firmans,
1600 537 1763 599 imagi-

100 623 205 656 nem
240 607 530 670 antiquitatis
564 607 750 653 senatui
790 605 1083 669 praebebat,
1132 606 1372 669 postulata
1412 607 1764 670 provinciarum

98 678 158 726 ad
186 676 566 741 disquisitionem
586 682 772 738 patrum
792 675 1040 722 mittendo.
1098 675 1446 723 crebrescebat
1467 676 1590 723 enim
1617 674 1763 724 Grae-

97 762 178 795 cas
205 761 294 810 per
322 744 469 792 urbes
497 744 693 792 licentia
718 751 861 809 atque
888 745 1139 807 impunitas
1178 745 1311 805 asyla
1351 746 1612 801 statuendi3
1653 759 1763 793 con-

94 815 348 881 plebantnr
373 813 552 878 templa
577 814 800 877 pessimis
839 814 1167 870 servitiorum;
1208 815 1380 863 eodem
1420 814 1633 863 subsidio
1678 813 1761 862 ob·
1782 826 1802 858 5

95 885 246 933 aerati
272 883 526 932 adversum
555 882 826 930 creditores
853 884 1168 946 suspectique
1209 883 1480 947 capitalium
1522 884 1765 931 criminum
1838 913 1853 918 ν

93 953 485 1018 receptabantur.
538 967 631 1000 nec
655 951 804 1000 ullum
830 953 945 1000 satis
973 952 1182 1001 validum
1218 953 1467 1016 imperium
1496 960 1599 1001 erat
1625 967 1763 1001 coer-

96 1023 260 1072 cendis
287 1021 604 1070 seditionibus
634 1021 831 1085 populi,
871 1020 1050 1083 flagitia
1087 1022 1324 1070 hominum
1363 1030 1411 1070 ut
1449 1023 1764 1070 caerimonias

94 1094 234 1142 deum
261 1091 583 1155 protegentis,
641 1092 785 1152 igitur
811 1090 1038 1153 placitum
1066 1099 1115 1138 ut
1139 1093 1382 1140 mitterent
1414 1093 1634 1140 civitates
1661 1094 1766 1139 iura

60 1170 237 1225 ⁴atque
268 1161 473 1222 legatos.
529 1167 576 1207 et
615 1159 849 1223 quaedam
885 1160 1012 1222 quod
1048 1159 1174 1208 falso
1211 1169 1562 1224 usurpaverant
1589 1168 1764 1224 sponte
1784 1172 1825 1204 10

97 1232 329 1286 omisere;
375 1228 552 1277 multae
579 1230 782 1276 vetustis
813 1229 1234 1292 superstitionibus
1265 1229 1354 1278 aut'
1378 1232 1558 1278 meritis
1596 1232 1641 1277 in
1678 1244 1765 1294 po-

97 1300 257 1364 pulum
279 1297 543 1346 Romanum
571 1297 797 1346 lidebant.
849 1312 1117 1361 magnaque
1157 1299 1260 1347 eius
1299 1299 1391 1347 diei
1427 1301 1623 1363 species
1662 1300 1765 1362 fuit,

96 1383 191 1432 quo
217 1374 409 1416 senatus
434 1368 665 1415 maiorum
690 1365 944 1428 beneficia,
979 1369 1221 1417 sociorum·
1249 1376 1409 1432 pacta,
1435 1384 1603 1431 regum
1626 1370 1767 1417 etiam

97 1439 176 1502 qui
202 1444 312 1486 ante
341 1437 435 1484 vim
459 1435 720 1484 Romanam
747 1436 997 1484 valuerant
1031 1437 1227 1486 decreta
1267 1439 1580 1501 ipsorumque
1618 1439 1765 1485 numi-

94 1521 202 1555 num
226 1506 492 1568 religiones
515 1506 822 1569 introspexit,
851 1505 1022 1569 liber0,
1050 1514 1101 1555 ut
1126 1507 1389 1570 quondam,
1418 1508 1530 1571 quid
1559 1507 1768 1556 firmaret
1785 1521 1826 1554 15

94 1582 376 1625 mutaretve.

199 1644 281 1694 61.
313 1643 454 1692 Primi
494 1645 699 1692 omnium
725 1644 922 1708 Ephesii
963 1645 1155 1706 adiere,
1193 1653 1515 1694 memorantes
1553 1661 1674 1708 non,
1717 1653 1769 1694 ut

96 1714 270 1776 vulgus
298 1713 539 1775 crederet,
565 1712 766 1762 Dianam
791 1721 934 1778 atque
963 1714 1242 1778 Apollinem
1262 1714 1388 1763 Delo
1412 1717 1631 1778 genitos:
1655 1731 1767 1763 esse

95 1782 222 1848 apud
249 1797 302 1830 se
334 1780 636 1831 Cenchreum
673 1797 884 1844 amnem,
918 1783 1076 1831 lucum
1111 1782 1383 1847 Ortygiam,
1418 1785 1500 1833 ubi
1542 1782 1769 1834 Latonam

95 1859 235 1916 partu
264 1851 508 1914 gravidam
535 1859 583 1898 et
610 1852 781 1914 oleae,
825 1867 948 1915 quae
989 1861 1085 1900 tum
1123 1854 1263 1901 etiam
1300 1862 1512 1915 maneat,
1556 1855 1768 1903 adnisam

98 1920 176 1970 edi
181 1920 311 1968 disse
357 1933 414 1968 ea
465 1921 682 1981 numina,
727 1920 1026 1984 deorumque
1073 1923 1251 1971 monitu
1304 1931 1540 1985 sacratum
1583 1938 1765 1971 nemus.
1788 1938 1808 1969 5

97 1997 240 2053 atque
270 1990 425 2052 ipsum
451 1988 553 2036 illic
583 1988 859 2052 Apollinem
900 1998 1011 2053 post
1046 1991 1333 2039 interfectos
1361 1990 1607 2056 Cyclopas
1640 1992 1771 2040 Iovis

96 2061 213 2108 iram
238 2059 484 2109 vitavisse.
541 2071 654 2106 mox
673 2057 895 2106 Liberum
917 2067 1120 2123 patrem,
1149 2059 1282 2108 bello
1304 2062 1557 2141 victorem,
1589 2061 1769 2124 suppli-

98 2127 234 2177 cibus
260 2127 580 2189 Amazonum,
619 2142 742 2191 quae
768 2142 895 2176 aram
936 2128 1225 2191 insiderant,
1265 2130 1530 2192 ignovisse.
1587 2137 1771 2178 auctam

96 2198 207 2246 hinc
235 2210 472 2246 concessu
499 2195 749 2258 HerculiS,
790 2212 895 2245 cum
931 2196 1075 2259 Lydia
1115 2205 1392 2261 poteretur,
1435 2199 1771 2247 caerimoniam

96 2266 300 2330 temp10,
327 2280 485 2329 neque
512 2265 766 2314 Persarum
791 2266 979 2315 dicione
1008 2268 1293 2315 deminutum
1319 2268 1417 2323 ius;
1458 2275 1572 2332 post
1610 2267 1828 2316 Mace-10

101 2335 270 2397 donaS,
303 2335 413 2384 dein
440 2349 533 2383 nos
561 2336 855 2383 servavisse.

206 2404 288 2453 62.
325 2404 534 2452 Proximi
561 2404 651 2452 hos
677 2403 928 2466 Magnetes
953 2404 1003 2452 L.
1033 2405 1276 2468 Scipionis
1304 2413 1350 2454 et
1376 2405 1425 2453 L.
1454 2406 1619 2454 Sullae
1657 2420 1768 2454 con-

98 2473 277 2539 stitutis
305 2473 591 2534 nitebantur,
628 2487 828 2535 quorum
860 2474 941 2522 ille
972 2474 1232 2538 Antioch0,
1259 2475 1338 2523 hic
1358 2474 1631 2523 Mithridate
1665 2474 1768 2537 pul-

71 2555 74 2558 ·
103 2543 168 2590 sis
198 2542 338 2590 fidem
375 2550 519 2606 atque
557 2542 777 2589 virtutem
812 2542 1084 2605 Magnetum
1122 2544 1451 2604 decoravere,
1490 2545 1556 2590 uti
1587 2542 1770 2591 Dianae

101 2609 517 2675 Leucophryenae
554 2611 825 2673 perfugium
850 2611 1130 2660 inviolabile
1157 2613 1302 2660 foret.
1357 2612 1770 2675 Aphrodisienses

104 2679 306 2742 posthac
345 2687 393 2728 et
429 2680 818 2728 Stratonicenses
855 2680 1103 2728 dictatoris
1137 2678 1362 2729 Caesaris
1399 2680 1460 2728 ob
1502 2688 1689 2729 vetusta
1722 2682 1768 2729 in
1790 2694 1810 2726 5

100 2750 249 2811 partis
280 2750 446 2797 merita
475 2756 523 2796 et
553 2763 728 2796 recens
760 2749 853 2796 divi
884 2749 1089 2811 Augusti
1117 2749 1363 2798 decretum
1393 2749 1639 2811 adtulere,
1672 2751 1771 2798 lau-

104 2815 200 2864 dati
242 2818 368 2881 quod
409 2818 690 2867 Parthorum
727 2819 1043 2880 inruptionem
1079 2818 1193 2866 nihil
1231 2826 1406 2867 mutata
1449 2820 1493 2866 in
1541 2820 1770 2899 populum

104 2882 379 2943 Romanum,
397 2888 659 2935 constantia
696 2886 1021 2949 pertulissent.
1089 2887 1175 2935 sed
1219 2887 1673 2951 Aphrodisiensium
1706 2890 1768 2936 ci·
