1976 3224
301 190 475 228 menn
500 189 600 226 ΧΠ.
628 188 754 227 OAP.
781 186 1041 230 69—L113.
1074 188 1198 226 xm.
1228 186 1352 225 CAP.
1379 185 1422 226 2.
1602 175 1705 225 225

86 318 164 361 ¹36.
197 318 370 359 Paccius
392 316 545 359 orfitus
566 323 710 358 contra
732 318 951 371 imperium
969 330 1167 371 pugnans
1189 317 1393 370 fususque
1415 324 1533 359 extra
1551 318 1709 358 vallum

94 377 268 417 tendere
282 377 442 416 iussus.
487 374 673 416 37—41.
705 374 912 416 Tiridates
941 375 1046 414 bello
1069 375 1241 415 infestat
1265 375 1523 424 Armeniam,
1544 375 1708 428 legatos

95 434 152 474 ad
167 431 447 476 Corbulonem
464 431 614 482 mittit,
639 432 710 484 qui
725 431 921 473 fraudem
941 431 1022 472 sibi
1040 445 1116 486 per
1136 432 1391 484 colloquium
1407 438 1597 486 paratam
1620 432 1708 472 elu—

96 491 158 532 dit
187 495 227 531 et
262 488 487 530 Armeniae
516 488 687 531 castella
717 489 852 544 capit,
886 487 1092 529 Artaxata
1126 489 1376 543 aggreditur
1410 494 1450 530 et
1482 488 1709 528 decedente

94 548 219 588 hoste
241 546 382 600 capit,
424 546 525 600 igne
549 545 673 586 delet.
725 545 785 587 Ob
814 545 919 586 haec
946 544 1103 586 Neroni
1138 553 1178 586 et
1209 545 1290 586 diis
1313 545 1510 587 honores.
1557 546 1628 586 42.
1661 545 1707 585 Ρ.

98 603 272 645 Suillius
296 615 395 645 reus
426 603 470 643 in
498 601 701 643 Senecam
724 601 955 652 invehitur,
999 601 1070 644 43.
1100 602 1358 656 deportatur.
1408 604 1479 643 44.
1513 601 1710 643 Octavius

97 661 261 715 Sagitta
291 671 433 701 amore
457 671 630 700 vaecors
652 659 845 700 Pontiam
871 660 1222 713 tergiversantem
1250 660 1362 701 ferro
1383 660 1708 701 transverberat.

95 718 256 758 Liberti
286 717 391 758 mira
426 715 548 757 fides.
607 717 679 758 45.
718 717 956 770 Poppaeam
987 715 1185 757 Sabinam
1222 729 1364 758 amare
1400 716 1510 758 Nero
1546 716 1709 770 occipit.

94 775 199 815 Eius
217 773 378 823 forma,
401 785 526 827 opes,
552 784 715 823 mores,
741 773 1030 822 matrimonia,
1055 773 1272 814 adulteria.
1315 773 1388 815 46.
1417 774 1519 815 Eius
1536 775 1711 814 maritus

97 830 227 879 otho,
262 837 309 870 ut
340 836 603 878 amoveatur,
643 830 886 871 Lusitaniae
914 829 1168 883 praeficitur.
1221 831 1291 872 47.
1335 830 1553 871 Cornelius
1583 830 1712 879 Sulla,

94 887 273 942 principi
308 892 554 941 suspectus,
586 861 818 928 Massiliam
845 887 1037 927 mittitur.
1078 887 1148 928 48.
1178 887 1363 928 Puteolis
1397 888 1620 928 concordia
1646 899 1714 927 re·

99 945 256 985 stituta.
299 941 371 985 49.
400 944 462 984 De
493 955 667 984 numero
687 944 978 1011 gladiatorum
1002 943 1223 997 Syracusis
1253 944 1514 985 edendorum
1547 945 1715 997 discep-

97 1002 213 1041 tatio.
260 1001 471 1042 Thraseae
489 1000 606 1041 Paeti
628 1002 787 1054 opinio.
839 1000 911 1041 50.
943 1001 1180 1055 Vectigalia
1205 1007 1350 1042 contra
1371 1000 1551 1042 Neronis
1580 1003 1714 1054 impe-

94 1065 185 1100 tum
203 1063 379 1099 retenta.
419 1057 489 1098 51.
518 1057 840 1102 Publicanorum
860 1058 1063 1109 iniquitas
1083 1064 1327 1112 temperata.
1375 1058 1447 1101 52.
1478 1059 1715 1099 Proconsu-

95 1116 158 1156 les
187 1115 248 1154 rei
273 1114 468 1166 absoluti.
508 1113 579 1156 53.
609 1113 658 1156 L.
680 1114 812 1154 Vetus
843 1125 924 1167 ope
946 1114 1145 1155 Mosellae
1170 1121 1210 1155 et
1230 1115 1380 1155 Araris
1405 1115 1600 1156 Rhenum
1620 1126 1715 1155 cum

97 1171 262 1213 Oceano
302 1171 481 1225 iungere
522 1177 655 1224 parat.
710 1169 856 1211 Obstat
888 1170 1000 1211 Aelii
1037 1169 1212 1212 Gracilis
1246 1171 1420 1212 invidia.
1475 1171 1548 1214 54.
1591 1171 1716 1213 Frisii

98 1229 215 1269 iuxta
243 1227 438 1267 Rhenum
471 1227 595 1267 sedes
630 1227 763 1281 figere
797 1227 957 1267 frustra
987 1234 1205 1268 conantur.
1260 1228 1331 1269 55.
1371 1229 1556 1269 Eosdem
1585 1240 1715 1282 agros

99 1284 354 1351 Ampsivarii
391 1290 594 1337 occupant
624 1283 710 1324 fato
735 1284 895 1324 eodem.
936 1283 1007 1326 56.
1034 1285 1220 1325 Boiocali
1245 1287 1497 1328 constantia.
1542 1259 1716 1339 Αωῠρεί-

99 1342 208 1382 varii
222 1341 360 1382 deleti.
391 1340 465 1385 57.
482 1339 620 1382 Chatti
636 1341 688 1390 ab
702 1340 1006 1382 Hermunduris
1023 1341 1113 1382 fere
1130 1342 1184 1382 ad
1200 1342 1413 1383 excidium
1430 1344 1570 1397 gentis
1590 1343 1714 1382 caesi.

102 1401 233 1453 Ignes
254 1404 368 1438 terra
391 1397 492 1438 editi
513 1397 588 1437 vix
611 1398 821 1451 oppressi.
863 1396 935 1440 58.
964 1398 1086 1439 Ficus
1112 1398 1359 1439 Ruminalis

184 1453 310 1496 Gesta
329 1453 436 1494 haec
455 1454 577 1494 annis
600 1458 818 1506 quattuor,
854 1454 954 1508 imp.
978 1454 1151 1496 Claudio
1173 1455 1339 1496 Nerone
1360 1455 1407 1496 L.
1431 1454 1611 1495 Antistio
1634 1454 1718 1494 Ve-

99 1519 211 1562 tere,
247 1511 296 1560 Q.
327 1510 505 1551 Volusio
528 1510 574 1550 P.
600 1510 793 1551 Cornelio
827 1510 1049 1564 Scipione,
1080 1513 1180 1566 imp.
1216 1511 1391 1553 Claudio
1420 1511 1586 1552 Nerone
1606 1512 1644 1552 11
1667 1510 1715 1551 L.

101 1568 327 1622 Calpurnio
347 1566 524 1618 Pisone,
552 1568 652 1621 imp.
678 1566 852 1608 Claudio
875 1567 1044 1608 Nerone
1063 1570 1121 1610 III
1138 1569 1305 1610 Valerio
1329 1568 1527 1610 Messalla
1548 1579 1658 1609 coss.

152 1648 196 1696 1.
233 1646 390 1696 Prima
426 1660 556 1695 novo
595 1647 867 1712 principatu
889 1661 1031 1696 mors
1064 1647 1185 1696 Iunii
1222 1649 1371 1697 Silani
1411 1647 1719 1713 proconsulis

46 1718 193 1768 Asiae
219 1718 390 1780 ignaro
408 1715 606 1765 Nerone
630 1727 717 1782 per
737 1716 897 1765 dolum
916 1717 1219 1783 Agrippinae
1244 1725 1463 1782 paratur,
1491 1731 1588 1765 non
1609 1718 1719 1781 quia

46 1786 227 1851 ingenii
252 1785 483 1834 violentia
507 1787 700 1834 exitium
721 1787 1023 1849 inritaverat,
1051 1787 1219 1850 segnis
1244 1794 1292 1835 et
1318 1787 1719 1836 dominationibus

47 1856 151 1906 aliis
179 1853 442 1916 fastiditus,
482 1854 605 1903 adeo
640 1861 690 1902 ut
719 1854 861 1903 Gaius
893 1854 1076 1904 Caesar
1111 1856 1349 1919 pecudem
1389 1871 1583 1905 auream
1613 1871 1719 1905 eum

47 1924 302 1992 appellare
339 1922 511 1972 solitus
549 1925 632 1972 sit:
672 1938 836 1971 verum
862 1924 1137 1989 Agrippina
1172 1925 1307 1973 fratri
1343 1926 1448 1974 eius
1478 1925 1528 1974 L.
1557 1926 1756 1974 Silano5

47 2008 218 2044 necem
250 1992 416 2041 molita
443 1992 647 2041 ultorem
680 1992 947 2055 metuebat,
990 1993 1162 2043 crebra
1189 1994 1323 2057 vulgi
1360 1994 1483 2043 fama
1521 2001 1719 2059 antepo-

47 2064 252 2113 nendum
280 2077 391 2111 esse
420 2061 612 2110 vixdum
642 2063 892 2126 pueritiam
926 2077 1132 2125 egresso
1161 2062 1345 2111 Neroni
1385 2070 1433 2112 et
1470 2064 1722 2128 imperium

48 2149 138 2199 per
163 2132 325 2182 scelus
353 2130 527 2196 adepto
555 2133 704 2180 virum
731 2138 888 2180 aetate
917 2133 1202 2196 composita,
1229 2132 1484 2194 insontem,
1511 2132 1721 2181 nobilem

52 2210 124 2265 et,
163 2201 290 2266 quod
326 2208 439 2249 tunc
480 2207 811 2266 spectaretur,
849 2216 876 2249 e
903 2199 1162 2250 Caesarum
1189 2203 1427 2266 posteris:
1468 2202 1648 2267 quippe
1675 2210 1724 2251 et

49 2271 238 2321 Silanus
269 2271 364 2319 divi
390 2269 596 2333 Augusti
633 2269 851 2334 abnepos
883 2277 1001 2319 erat.
1056 2270 1180 2320 haec
1206 2285 1349 2330 causa
1382 2271 1532 2320 necis.
1587 2273 1779 2322 mini-10

50 2342 135 2390 stri
157 2341 293 2389 fuere
320 2339 372 2388 P.
400 2338 546 2388 Celer
573 2354 725 2403 eques
749 2340 991 2389 Romanus
1017 2347 1065 2389 et
1090 2340 1257 2390 Helius
1287 2340 1516 2403 libertuS,
1555 2343 1627 2390 rei
1652 2342 1720 2389 fa-

0 2461 1 2475 ,
49 2410 219 2459 miliari
248 2409 478 2473 principis
503 2409 551 2456 in
576 2407 694 2458 Asia
716 2410 943 2474 impositi.
992 2409 1051 2459 ab
1077 2409 1150 2459 his
1177 2410 1460 2475 proconsuli
1483 2425 1722 2458 venenum

50 2481 172 2529 inter
201 2478 370 2549 epulas
400 2477 555 2525 datum
581 2485 655 2526 est
681 2481 890 2542 apertius
918 2493 1057 2543 quam
1083 2486 1134 2528 ut
1158 2479 1400 2528 fallerent.
1453 2494 1543 2527 nec
1570 2481 1722 2527 minus

51 2555 319 2615 properato
332 2545 607 2596 Narcissus
634 2545 819 2597 Claudii
845 2548 1072 2611 libertus,
1106 2548 1166 2597 de
1198 2550 1331 2597 cuius
1357 2548 1523 2611 iurgiis
1553 2548 1720 2596 adver-

53 2627 132 2667 sus
171 2618 492 2683 Agrippinam
527 2616 718 2679 rettuli,
761 2623 934 2682 aspera
967 2617 1185 2666 custodia
1224 2625 1273 2666 et
1307 2619 1600 2666 necessitate
1640 2631 1780 2666 eir-15

52 2694 202 2737 trema
227 2687 286 2736 ad
311 2693 514 2735 mortem
540 2686 724 2748 agitur,
753 2687 902 2735 invito
933 2687 1179 2767 principe,
1208 2688 1341 2735 cuius
1370 2686 1542 2736 abditis
1568 2685 1722 2735 adhuc

53 2757 179 2805 vitiis
207 2772 294 2821 per
319 2756 565 2806 avaritiam
592 2770 649 2804 ac
676 2754 1029 2819 prodigentiam
1054 2756 1171 2804 mire
1207 2755 1525 2818 congruebat.

98 2832 101 2833 ’
159 2825 207 2874 2.
244 2825 539 2891 Ibaturque·
525 2840 571 2872 m
600 2823 803 2887 caedes,
838 2827 927 2873 nisi
954 2824 1180 2874 Afranius
1207 2824 1385 2874 Burrus
1421 2833 1469 2874 et
1494 2826 1720 2876 Annaeus

56 2894 244 2942 Seneca
270 2894 459 2943 obviam
494 2895 660 2942 issent.
717 2894 764 2942 hi
790 2901 1010 2943 rectores
1041 2895 1380 2959 imperatoriae
1408 2895 1629 2944 iuventae
1656 2902 1720 2959 et,

124 2980 268 3010 ‘raeiri
292 2981 409 3010 mas
436 2982 466 3012 ῐ.
1459 2965 1519 3013 15
