1976 3224
231 174 337 225 ‘238
656 184 931 223 CORNELII
954 184 1147 224 TACIT1
1167 186 1473 224 ANNAnmm

175 307 178 309 ’
231 313 328 360 bitu
350 312 685 374 suffragiorum
709 318 954 375 suspecto,
982 319 1114 360 sorte
1137 312 1429 375 ducebantur
1454 328 1515 362 ex
1537 328 1736 363 numero
1763 330 1899 379 prae·

230 389 383 430 torum
414 381 493 444 qui
520 388 820 445 praeessent.
872 395 1032 444 neque
1076 381 1122 429 id
1149 381 1226 430 diu
1250 385 1448 444 mansit,
1493 384 1602 447 quia
1630 397 1738 433 sors
1763 383 1898 433 deer-

188 449 367 500 arabat
405 449 465 498 ad
498 465 662 515 parum
696 450 917 499 idoneos.
982 458 1093 500 tunc
1126 450 1349 500 Claudius
1387 460 1674 516 quaestores
1714 469 1900 502 rursum

228 519 479 584 imposuit,
519 520 699 584 iisque,
734 535 793 568 ne
821 526 948 568 metu
984 519 1301 570 offensionum
1345 523 1543 585 segnius
1571 522 1899 585 consulerent,

230 596 365 638 extra
404 589 618 638 ordinem
655 589 868 638 honores
907 590 1150 653 promisit:
1197 589 1282 639 sed
1330 590 1499 640 deerat
1546 591 1697 640 robur
1729 594 1900 644 aetatis

230 674 336 708 eum
364 660 560 724 primum
584 659 909 723 magistratum
932 659 1313 722 capessentibus.
1356 661 1499 724 igitur
1516 660 1650 710 Nero
1676 669 1901 726 praetura

229 728 512 793 perfunctos
539 736 586 777 et
612 729 910 793 experientia
938 728 1172 793 probatos
1197 730 1393 793 delegit.

329 798 412 848 30.
453 797 711 847 Damnatus
738 798 890 847 isdem
918 799 1195 847 consulibus
1215 800 1474 863 Vipsanius
1494 799 1678 848 Laenas
1704 799 1765 848 ob
1789 799 1899 848 Sar—

227 867 399 916 diniam
428 869 730 932 provinciam
765 882 910 917 avare
938 867 1161 916 habitam.
1214 868 1472 918 ,absolutus
1499 867 1690 919 Cestius
1719 868 1896 917 Procu-

223 936 299 986 lus
341 937 736 1002 repetundarum,
787 936 1100 987 Cretensibus
1136 938 1488 987 accusantibus
1557 937 1755 988 Clodius
1784 937 1895 999 Qui-

224 1006 415 1069 rinaliS,
451 1007 579 1070 quod
608 1007 886 1071 praefectus
911 1007 1141 1070 remigum
1157 1043 1170 1068 ,
1203 1007 1282 1071 qui
1307 1006 1566 1057 Ravennae
1591 1007 1895 1069 haberentur,

185 1076 357 1125 svelut
395 1077 599 1125 infimam
635 1078 872 1124 nationum
911 1075 1092 1140 Ital-iam
1126 1076 1310 1126 luxuria
1349 1078 1645 1142 saevitiaque
1684 1077 1888 1126 adflicta·

222 1146 404 1208 visset,
452 1159 642 1194 veneno
679 1145 1026 1194 damnationem
1063 1146 1241 1195 anteiit.
1304 1143 1527 1195 Caninius
1559 1145 1787 1210 Rebilus,
1835 1161 1897 1196 ex

225 1213 515 1280 primoribus
544 1216 715 1279 peritia
744 1215 908 1278 legum
933 1222 981 1263 et
1008 1216 1243 1279 pecuniae
1269 1215 1616 1280 magnitudine,
1659 1217 1896 1265 cruciatus

225 1299 405 1348 aegrae
433 1292 663 1334 senectae
691 1287 868 1334 emisso
893 1300 982 1348 per
1002 1299 1150 1334 venas
1177 1287 1407 1349 sanguine
1430 1285 1614 1349 effugit,
1641 1284 1765 1335 haud
1792 1300 1895 1334 cre·

225 1354 348 1403 ditus
376 1354 606 1402 sufficere
633 1353 692 1403 ad
722 1354 1034 1403 constantiam
1063 1354 1320 1405 sumendae
1349 1357 1542 1418 mortiS,
1583 1355 1644 1404 ob
1673 1352 1895 1405 libidines

167 1439 205 1471 ιο
225 1423 524 1472 muliebriter
562 1423 763 1472 infamis,
827 1431 873 1473 at
896 1424 947 1472 L.
981 1424 1212 1474 Volusius
1251 1425 1452 1488 egregia
1485 1425 1895 1488 famamoncessit,

225 1494 299 1541 cui
334 1500 435 1541 tres
484 1500 530 1541 et
569 1494 828 1557 nonaginta
868 1495 975 1542 anni
1016 1495 1217 1558 spatium
1260 1494 1453 1543 vivendi
1503 1496 1894 1560 praecipuaeque

224 1577 345 1628 opes
382 1562 523 1610 bonis
552 1562 734 1611 artibus
762 1563 995 1612 inoffensa
1022 1569 1092 1611 tot
1120 1564 1459 1628 imperatorum
1485 1564 1661 1614 malitia
1687 1564 1892 1614 fuerunt.

246 1682 252 1690 ,
326 1631 411 1683 31.
449 1631 646 1682 Nerone
686 1633 854 1681 iterum
877 1632 928 1681 L.
955 1632 1132 1682 Pisone
1172 1633 1450 1682 consulibus
1483 1648 1635 1699 pauca
1664 1633 1894 1682 memoria

223 1701 367 1764 digna
395 1716 606 1750 evenere
623 1738 636 1764 ,
671 1702 761 1750 nisi
790 1703 863 1750 cui
889 1701 1035 1751 libeat
1061 1701 1307 1752 laudandis
1333 1701 1650 1751 fundamentis
1677 1709 1724 1751 et
1748 1701 1891 1751 trabi·

222 1770 337 1832 buS,
378 1772 485 1833 quis
520 1769 696 1819 molem
734 1771 1069 1836 amphitheatri
1109 1772 1235 1836 apud
1271 1786 1487 1837 campum
1510 1771 1678 1821 Martis
1711 1770 1894 1821 Caesar

222 1845 524 1902 extruxerat,
564 1840 803 1889 volumina
843 1840 1071 1905 implere,
1110 1856 1214 1890 cum
1252 1845 1314 1889 ex
1349 1841 1578 1904 dignitate
1605 1841 1772 1907 populi
1793 1841 1889 1890 Ro-

180 1925 200 1957 5
222 1909 346 1957 mani
371 1916 616 1973 repertum
643 1911 704 1958 sit
740 1925 821 1959 res
850 1910 1075 1959 inlustres
1103 1909 1374 1974 annalibuS,
1415 1910 1527 1960 talia
1555 1910 1733 1960 diurnis
1761 1909 1893 1959 urbis

220 1978 341 2028 actis
365 1977 607 2027 mandare.
672 1987 885 2028 ceterum
918 1979 1139 2029 coloniae
1168 1977 1331 2045 Capua
1357 1987 1500 2044 atque
1526 1979 1734 2029 Nuceria
1763 1978 1890 2029 addi-

218 2049 279 2097 tis
304 2048 548 2096 veteranis
570 2049 781 2098 firmatae
810 2056 943 2112 sunt,
971 2048 1231 2114 plebeique
1261 2050 1556 2113 congiarium
1577 2048 1891 2114 quadringeni

218 2117 391 2166 nummi
423 2117 596 2166 viritim
627 2117 749 2183 dati,
789 2126 837 2168 et
861 2119 1132 2167 sestertium
1160 2118 1580 2184 quadringentiens
1605 2119 1792 2167 aerario
1822 2119 1889 2166 in·

218 2187 361 2236 latum
390 2193 465 2235 est
490 2187 549 2236 ad
575 2188 869 2237 retinendam
897 2188 1064 2253 populi
1091 2188 1246 2237 fidem.
1297 2187 1508 2251 vectigal
1539 2202 1731 2253 quoque
1758 2187 1889 2251 quin·

160 2266 203 2299 10
224 2264 301 2304 tae
341 2262 388 2304 et
427 2257 717 2306 vicensimae
755 2257 992 2307 venalium
1029 2258 1374 2323 mancipiorum
1404 2258 1681 2320 remissum,
1722 2256 1890 2323 specie

218 2325 371 2388 magis
401 2340 539 2389 quam
567 2326 638 2389 vi,
665 2328 774 2391 quia
801 2342 905 2376 cum
930 2327 1154 2376 venditor
1182 2326 1395 2392 pendere
1421 2326 1683 2390 iuberetur,
1709 2327 1755 2375 in
1781 2341 1888 2392 par-

217 2402 313 2443 tem
352 2395 491 2459 pretii
532 2395 827 2460 emptoribus
861 2395 1193 2446 adcrescebat.
1265 2395 1412 2445 edixit
1447 2394 1655 2461 Caesar,
1697 2411 1757 2445 ne
1785 2395 1888 2460 quis

218 2464 527 2527 magistratus
557 2471 635 2514 aut
669 2472 957 2530 procurator
991 2467 1038 2513 in
1077 2466 1325 2530 provincia
1352 2465 1681 2531 spectaculum
1706 2463 1887 2528 gladia-

218 2539 375 2583 torum
402 2540 480 2582 aut
504 2533 714 2584 ferarum
741 2542 820 2584 aut
844 2534 972 2600 quod
999 2534 1124 2584 aliud
1150 2534 1383 2584 ludicrum
1409 2535 1590 2584 ederet.
1645 2548 1752 2584 nam
1778 2539 1888 2582 ante

158 2616 199 2650 15
218 2617 313 2651 non
351 2603 503 2651 minus
543 2604 625 2653 tali
669 2605 926 2668 largitione
973 2619 1112 2669 quam
1158 2604 1478 2670 corripiendis
1523 2603 1742 2669 pecuniis
1777 2602 1886 2651 sub-

216 2674 372 2722 iectos
412 2672 731 2739 adfligebant,
781 2674 890 2723 dum
933 2689 1055 2739 quae
1093 2673 1287 2723 libidine
1330 2674 1658 2739 deliquerant,
1710 2671 1882 2721 ambitu

218 2750 539 2806 propugnant.

322 2812 404 2862 32.
443 2811 642 2861 Factum
676 2820 724 2862 et
757 2819 952 2862 senatus
994 2811 1262 2861 consultum
1301 2812 1466 2862 ultioni
1502 2811 1628 2860 iuxta
1666 2818 1713 2859 et
1746 2826 1882 2859 secu-

217 2879 370 2943 ritati,
410 2888 459 2929 ut
493 2883 532 2929 si
563 2883 667 2946 quis
703 2897 729 2930 a
769 2883 866 2930 suis
902 2883 1056 2931 servis
1083 2882 1363 2931 interfectus
1405 2886 1564 2943 esset,
1603 2880 1634 2928 ii
1671 2894 1882 2944 quoque,
