1976 3224
577 159 749 197 LIBER
769 159 893 197 x111.
930 160 1053 198 CAP.
1081 159 1108 200 2
1125 179 1184 185 —
1199 159 1241 203 6.
1638 151 1739 202 227

70 291 158 353 vit,
199 302 356 352 neque
386 287 622 335 iuventam
648 287 792 336 armis
819 287 1039 336 civilibus
1073 296 1151 337 aut
1178 288 1454 338 domesticis
1485 288 1740 338 discordiis

69 358 303 414 inbutam;
349 356 475 405 nulla
519 356 652 420 odia,
689 357 845 425 nullas
880 358 1074 406 iniurias
1117 373 1207 407 nec
1248 359 1515 424 cupidinem
1548 359 1777 410 ultioniss

68 429 277 478 adferre.
320 435 416 474 tum
443 426 643 475 formam
669 427 813 475 futuri
835 427 1130 491 principatus
1152 430 1482 493 praescripsit,
1510 443 1566 477 ea
1593 430 1738 478 maxi-

67 514 142 547 me
176 497 447 560 declinans,
480 511 679 560 quorum
704 511 878 545 recens
905 496 1140 560 flagrabat
1168 498 1359 548 invidia.
1410 513 1506 547 non
1533 500 1657 548 enim
1685 514 1739 547 se

68 567 374 632 negotiorum
401 566 604 615 omnium
632 566 833 615 iudicem
869 566 1004 629 fore,
1046 574 1095 615 ut
1137 568 1313 617 clausis
1343 583 1479 617 unam
1504 570 1626 617 intra
1653 568 1738 617 do-

67 653 189 686 mum
228 635 592 686 accusatoribus
634 643 680 684 et
719 636 817 684 reis
858 651 1116 701 paucorum
1156 639 1370 701 potentia
1405 645 1737 700 grassaretur;

67 706 180 756 nihil
207 708 254 754 in
286 705 539 770 penatibus
567 707 664 754 suis
689 703 862 754 venale
896 713 976 755 aut
1001 706 1246 755 ambitioni
1275 709 1517 771 pervium;
1556 707 1797 757 disere-10

67 786 159 826 tam
181 775 370 825 domum
397 782 444 823 et
469 790 568 835 rem
597 775 852 839 publicam.
913 783 1103 824 teneret
1129 777 1320 841 antiqua
1340 778 1496 825 munia
1524 785 1734 840 senatuS‚

67 845 315 896 consulum
347 844 662 894 tribunalibus
699 844 833 893 Italia
875 852 922 893 et
957 845 1183 910 publicae
1217 847 1499 912 provinciae
1533 847 1734 896 adsiste-

64 923 197 966 rent:
237 915 305 964 illi
331 921 517 979 patrum
541 914 716 964 aditum
745 914 1065 978 praeberent,
1104 930 1158 964 se
1184 916 1417 965 mandatis
1443 915 1735 965 exercitibus

68 984 408 1036 consulturum.
1272 1010 1274 1012 ·

168 1055 217 1104 5.
255 1053 361 1103 Nec
386 1053 536 1102 defuit
562 1053 705 1114 fides,
741 1054 983 1118 multaque
1016 1054 1214 1104 arbitrio
1251 1063 1444 1104 senatus
1480 1057 1733 1107 constituta

67 1133 195 1174 sunt:
235 1139 297 1172 ne
329 1125 433 1187 quis
466 1123 524 1171 ad
553 1137 744 1171 causam
772 1123 998 1172 orandam
1026 1125 1254 1173 mercede
1280 1132 1359 1173 aut
1385 1125 1522 1173 donis
1551 1139 1735 1173 emere-

65 1202 166 1257 tur,
210 1208 271 1242 ne
299 1193 562 1259 designatis
602 1192 939 1260 quaestoribus
977 1193 1151 1242 edendi
1183 1193 1482 1256 gladiatores
1518 1194 1734 1243 necessi-

63 1271 135 1313 tas
165 1270 311 1312 esset.
361 1261 489 1327 quod
517 1261 706 1326 quidem
731 1261 1016 1311 adversante
1038 1262 1338 1328 Agrippina,
1367 1270 1603 1327 tamquam
1629 1270 1736 1313 acta

67 1332 252 1382 Claudii
277 1331 696 1394 subverterentur,
731 1331 984 1380 obtinuere
1012 1340 1203 1397 patreS,
1233 1333 1386 1396 quiin
1410 1333 1640 1382 Palatium
1667 1333 1730 1381 ob
1754 1351 1774 1383 5

67 1402 112 1451 id
131 1402 445 1464 vocabantur,
466 1408 514 1449 nt
534 1400 746 1450 adstaret
769 1401 938 1450 additis
958 1416 985 1450 a
1005 1410 1148 1464 tergo
1169 1402 1352 1451 foribus
1376 1402 1486 1450 velo
1509 1402 1735 1466 discreta,

68 1472 197 1537 quod
221 1472 372 1521 visum
413 1478 630 1534 arceret,
671 1471 858 1521 auditus
897 1485 991 1519 non
1026 1471 1270 1520 adimeret.
1327 1472 1438 1535 quin
1475 1479 1524 1520 et
1558 1472 1734 1535 legatis

65 1543 399 1591 Armeniorum
434 1555 627 1590 causam
665 1542 824 1604 gentis
850 1540 976 1606 apud
1004 1536 1248 1590 Neronem
1287 1541 1534 1591 orantibus
1564 1556 1734 1591 escen-

66 1613 180 1662 dere
207 1618 490 1676 suggestum
514 1612 819 1675 imperatoris
845 1618 893 1659 et
920 1610 1199 1675 praesidere
1225 1610 1361 1659 simul
1387 1610 1617 1675 parabat,
1644 1610 1735 1660 nisi

66 1682 243 1732 ceteris
282 1694 465 1746 pavore
507 1679 680 1730 defixis
716 1681 905 1730 Seneca
951 1680 1306 1742 admonuisset,
1352 1681 1562 1732 venienti
1595 1680 1794 1731 matrim

66 1758 360 1800 occurreret.
415 1751 478 1799 ita
505 1751 672 1814 specie
696 1751 889 1814 pietatis
917 1749 1106 1798 obviam
1135 1752 1248 1798 itum
1275 1750 1523 1799 dedecori.

168 1820 216 1870 6.
251 1819 369 1869 Fine
406 1820 512 1867 anni
554 1819 752 1868 turbidis
792 1820 1060 1868 rumoribus
1089 1821 1376 1884 prorupisse
1409 1835 1595 1868 rursum
1621 1819 1733 1869 Par-

66 1890 173 1939 thos
210 1896 258 1938 et
290 1889 396 1952 rapi
428 1887 702 1942 Armeniam
738 1888 941 1936 adlatum
977 1896 1080 1950 est,
1130 1889 1271 1952 pulso
1311 1888 1613 1952 RadamistO,
1657 1891 1734 1953 qui

66 1973 214 2023 saepe
244 1958 383 2021 regni
410 1959 512 2006 eius
539 1959 744 2022 potituS‚
783 1956 892 2005 dein
919 1957 1179 2021 profugus,
1215 1966 1310 2006 tum
1337 1972 1531 2022 quoque
1556 1958 1736 2006 bellum

65 2029 360 2079 deseruerat.
418 2027 561 2091 igitur
590 2028 636 2075 in
658 2027 776 2075 urbe
806 2041 1073 2076 sermonum
1093 2027 1258 2090 avida,
1297 2042 1438 2091 quem
1461 2027 1522 2076 ad
1546 2025 1737 2076 modum

65 2099 294 2164 princeps
321 2097 402 2146 vix
426 2096 772 2162 septemdecim
797 2110 948 2145 annos
974 2111 1203 2160 egressus
1229 2097 1481 2162 suscipere
1506 2112 1610 2147 eam
1635 2111 1732 2146 mo·
1753 2115 1774 2147 5

65 2169 160 2217 lem
196 2174 274 2216 aut
302 2166 590 2232 propulsare
631 2173 826 2231 posset,
866 2165 995 2230 quod
1034 2165 1294 2215 subsidium
1331 2168 1377 2215 in
1412 2180 1471 2215 eo
1509 2167 1588 2230 qui
1613 2181 1639 2215 a
1665 2166 1734 2215 fe·

66 2240 189 2286 mina
214 2244 483 2299 regeretur,
510 2250 618 2285 num
639 2235 824 2301 proelia
849 2250 1041 2300 quoque
1067 2243 1114 2284 et
1141 2235 1529 2300 obpugnationes
1551 2234 1735 2285 urbium

68 2314 116 2356 et
156 2313 320 2355 cetera
358 2304 474 2354 belli
516 2321 606 2370 per
644 2307 903 2369 magistros
945 2304 1261 2355 administrari
1299 2311 1525 2371 possent,
1569 2307 1734 2369 anqui-

65 2375 249 2426 rebant.
303 2382 467 2425 contra
495 2375 573 2424 alii
597 2375 767 2424 melius
793 2376 1017 2424 evenisse
1043 2374 1308 2438 disserunt,
1338 2389 1478 2439 quam
1505 2376 1544 2423 si
1569 2374 1734 2423 invali-

68 2445 153 2494 dus
180 2451 378 2494 senecta
405 2452 452 2492 et
476 2446 668 2507 ignavia
686 2444 909 2494 Claudius
934 2444 1127 2493 militiae
1155 2445 1213 2494 ad
1239 2444 1434 2493 labores
1459 2449 1732 2505 vocaretur,
1753 2461 1792 2494 10

68 2514 324 2564 servilibus
348 2515 490 2562 iussis
525 2513 958 2579 obtemperaturus.
1019 2514 1219 2563 Burrum
1243 2521 1400 2562 tamen
1427 2519 1475 2560 et
1502 2512 1735 2561 Senecam

67 2584 315 2634 multarum
351 2598 510 2632 rerum
546 2584 848 2648 experientia
886 2584 1137 2646 cognitos;
1189 2590 1238 2631 et
1272 2582 1551 2646 imperatori
1592 2595 1734 2644 quan·

67 2660 162 2703 tum
189 2654 247 2703 ad
272 2652 419 2704 robur
447 2653 650 2715 deesse,
692 2667 796 2700 cum
834 2659 1009 2701 octavo
1047 2651 1248 2700 decumo
1285 2651 1457 2700 aetatis
1496 2664 1620 2698 anno
1649 2648 1735 2699 Cn.

69 2722 323 2788 Pompeius
337 2760 351 2786 ‚
379 2738 508 2773 nono
534 2721 734 2772 decumo
755 2719 936 2770 Caesar
958 2720 1247 2770 Octavianus
1268 2719 1425 2769 civilia
1445 2718 1574 2767 bella
1597 2718 1734 2768 susti-

71 2790 288 2841 nuerint?
340 2792 573 2858 pleraque
614 2794 660 2841 in
703 2803 881 2840 summa
923 2791 1114 2840 fortuna
1158 2789 1386 2855 auspiciis
1435 2795 1484 2837 et
1523 2787 1734 2836 consiliis
1755 2804 1791 2836 ιε

74 2875 211 2925 quam
255 2861 365 2910 telis
410 2869 458 2910 et
492 2861 706 2912 manibus
744 2861 867 2924 geri.
950 2859 1163 2909 daturum
1199 2859 1367 2976 plane1
1379 2857 1733 2975 gqcumentum,
