<?xml version="1.0" encoding="UTF-8"?>
<!DOCTYPE html PUBLIC "-//W3C//DTD XHTML 1.0 Transitional//EN"
    "http://www.w3.org/TR/xhtml1/DTD/xhtml1-transitional.dtd">
<html xmlns="http://www.w3.org/1999/xhtml" xml:lang="en" lang="en">
 <head>
  <title>
</title>
<meta http-equiv="Content-Type" content="text/html;charset=utf-8" />
  <meta name='ocr-system' content='tesseract 3.04.00' />
  <meta name='ocr-capabilities' content='ocr_page ocr_carea ocr_par ocr_line ocrx_word'/>
</head>
<body>
  <div class='ocr_page' id='page_1' title='image "./libriquisupersun01taciuoft_0023.png"; bbox 0 0 1982 3216; ppageno 0'>
   <div class='ocr_carea' id='block_1_1' title="bbox 587 246 1830 288">
    <p class='ocr_par' dir='ltr' id='par_1_1' title="bbox 587 246 1830 288">
     <span class='ocr_line' id='line_1_1' title="bbox 587 246 1830 288; baseline 0.002 -4"><span class='ocrx_word' id='word_1_1' title='bbox 587 246 1038 286; x_wconf 84' lang='lat' dir='ltr'><strong>COMMENTARIUS</strong></span> <span class='ocrx_word' id='word_1_2' title='bbox 1077 248 1355 287; x_wconf 84' lang='lat' dir='ltr'>CRITICUS.</span> <span class='ocrx_word' id='word_1_3' title='bbox 1725 249 1830 288; x_wconf 89' lang='lat' dir='ltr'><strong>XIX</strong></span> 
     </span>
    </p>
   </div>
   <div class='ocr_carea' id='block_1_2' title="bbox 76 374 1832 2931">
    <p class='ocr_par' dir='ltr' id='par_1_2' title="bbox 130 374 1831 508">
     <span class='ocr_line' id='line_1_2' title="bbox 130 374 1831 441; baseline 0.002 -17"><span class='ocrx_word' id='word_1_4' title='bbox 130 382 277 424; x_wconf 80' lang='lat' dir='ltr'><strong>luerit.</strong></span> <span class='ocrx_word' id='word_1_5' title='bbox 323 374 331 441; x_wconf 91' lang='grc' dir='ltr'>Ι</span> <span class='ocrx_word' id='word_1_6' title='bbox 375 385 403 427; x_wconf 86' lang='grc'><strong>9</strong></span> <span class='ocrx_word' id='word_1_7' title='bbox 440 392 567 423; x_wconf 89' lang='lat' dir='ltr'><strong>more</strong></span> <span class='ocrx_word' id='word_1_8' title='bbox 603 380 751 423; x_wconf 89' lang='lat' dir='ltr'>honos</span> <span class='ocrx_word' id='word_1_9' title='bbox 786 379 1046 436; x_wconf 91' lang='lat' dir='ltr'><strong>missusque</strong></span> <span class='ocrx_word' id='word_1_10' title='bbox 1082 378 1126 422; x_wconf 91' lang='lat' dir='ltr'><em>D</em></span> <span class='ocrx_word' id='word_1_11' title='bbox 1165 377 1274 439; x_wconf 82' lang='lat' dir='ltr'><strong>(sed</strong></span> <span class='ocrx_word' id='word_1_12' title='bbox 1311 379 1385 424; x_wconf 75' lang='lat' dir='ltr'><strong>hic</strong></span> <span class='ocrx_word' id='word_1_13' title='bbox 1427 378 1645 440; x_wconf 88' lang='lat' dir='ltr'><strong>missus):</strong></span> <span class='ocrx_word' id='word_1_14' title='bbox 1699 395 1831 427; x_wconf 74' lang='lat' dir='ltr'><strong>more</strong></span> 
     </span>
     <span class='ocr_line' id='line_1_3' title="bbox 130 445 1757 508; baseline 0.001 -14"><span class='ocrx_word' id='word_1_15' title='bbox 130 449 420 507; x_wconf 86' lang='lat' dir='ltr'><strong>omissusque</strong></span> <span class='ocrx_word' id='word_1_16' title='bbox 449 446 573 508; x_wconf 90' lang='lat' dir='ltr'><strong>(mos</strong></span> <span class='ocrx_word' id='word_1_17' title='bbox 600 447 857 504; x_wconf 88' lang='lat' dir='ltr'><strong>missusque</strong></span> <span class='ocrx_word' id='word_1_18' title='bbox 882 445 972 507; x_wconf 84' lang='lat' dir='ltr'><strong>L);</strong></span> <span class='ocrx_word' id='word_1_19' title='bbox 1010 462 1049 492; x_wconf 85' lang='lat' dir='ltr'><strong>v.</strong></span> <span class='ocrx_word' id='word_1_20' title='bbox 1079 447 1259 493; x_wconf 80' lang='lat' dir='ltr'><strong>Heraei</strong></span> <span class='ocrx_word' id='word_1_21' title='bbox 1283 450 1402 493; x_wconf 81' lang='lat' dir='ltr'><strong>stud.</strong></span> <span class='ocrx_word' id='word_1_22' title='bbox 1434 452 1533 494; x_wconf 86' lang='lat' dir='ltr'><strong>crit.</strong></span> <span class='ocrx_word' id='word_1_23' title='bbox 1561 449 1613 505; x_wconf 90' lang='lat' dir='ltr'><strong><em>I,</em></strong></span> <span class='ocrx_word' id='word_1_24' title='bbox 1648 453 1757 495; x_wconf 88' lang='lat'><strong>150.</strong></span> 
     </span>
    </p>

    <p class='ocr_par' dir='ltr' id='par_1_3' title="bbox 130 510 1828 644">
     <span class='ocr_line' id='line_1_4' title="bbox 268 510 1828 582; baseline 0.001 -20"><span class='ocrx_word' id='word_1_25' title='bbox 268 514 362 574; x_wconf 85' lang='lat'><strong><em>27,</em></strong></span> <span class='ocrx_word' id='word_1_26' title='bbox 399 522 426 563; x_wconf 83' lang='lat'><strong>2</strong></span> <span class='ocrx_word' id='word_1_27' title='bbox 453 516 673 561; x_wconf 81' lang='lat' dir='ltr'><strong>Curtilius</strong></span> <span class='ocrx_word' id='word_1_28' title='bbox 694 516 935 560; x_wconf 81' lang='lat' dir='ltr'><strong>Reinesius</strong></span> <span class='ocrx_word' id='word_1_29' title='bbox 968 510 975 578; x_wconf 94' lang='grc' dir='ltr'>Ι</span> <span class='ocrx_word' id='word_1_30' title='bbox 1008 522 1035 565; x_wconf 89' lang='grc'>6</span> <span class='ocrx_word' id='word_1_31' title='bbox 1061 517 1281 563; x_wconf 83' lang='lat' dir='ltr'><strong>ferorieia</strong></span> <span class='ocrx_word' id='word_1_32' title='bbox 1315 512 1325 581; x_wconf 97' lang='grc' dir='ltr'>Ι</span> <span class='ocrx_word' id='word_1_33' title='bbox 1354 523 1384 567; x_wconf 88' lang='grc'>8</span> <span class='ocrx_word' id='word_1_34' title='bbox 1405 518 1540 564; x_wconf 87' lang='lat' dir='ltr'><strong>Cales</strong></span> <span class='ocrx_word' id='word_1_35' title='bbox 1560 519 1598 563; x_wconf 85' lang='lat' dir='ltr'><em>L</em></span> <span class='ocrx_word' id='word_1_36' title='bbox 1630 512 1639 582; x_wconf 95' lang='grc' dir='ltr'>Ι</span> <span class='ocrx_word' id='word_1_37' title='bbox 1671 525 1698 568; x_wconf 88' lang='grc'>9</span> <span class='ocrx_word' id='word_1_38' title='bbox 1719 533 1828 565; x_wconf 86' lang='lat' dir='ltr'><strong>eve-</strong></span> 
     </span>
     <span class='ocr_line' id='line_1_5' title="bbox 130 586 953 644; baseline -0.001 -13"><span class='ocrx_word' id='word_1_39' title='bbox 130 592 293 632; x_wconf 81' lang='lat' dir='ltr'><strong>nerant</strong></span> <span class='ocrx_word' id='word_1_40' title='bbox 311 587 386 631; x_wconf 84' lang='lat' dir='ltr'><strong>He</strong></span> <span class='ocrx_word' id='word_1_41' title='bbox 417 587 424 644; x_wconf 89' lang='grc' dir='ltr'>Ι</span> <span class='ocrx_word' id='word_1_42' title='bbox 460 591 513 633; x_wconf 85' lang='grc'><strong>12</strong></span> <span class='ocrx_word' id='word_1_43' title='bbox 539 586 717 644; x_wconf 88' lang='lat' dir='ltr'><strong>trepida</strong></span> <span class='ocrx_word' id='word_1_44' title='bbox 747 599 806 644; x_wconf 88' lang='lat' dir='ltr'><strong>op</strong></span> <span class='ocrx_word' id='word_1_45' title='bbox 832 586 953 630; x_wconf 85' lang='lat' dir='ltr'><strong>mult.</strong></span> 
     </span>
    </p>

    <p class='ocr_par' dir='ltr' id='par_1_4' title="bbox 127 649 1831 855">
     <span class='ocr_line' id='line_1_6' title="bbox 268 649 1826 716; baseline 0.001 -16"><span class='ocrx_word' id='word_1_46' title='bbox 268 652 364 712; x_wconf 85' lang='lat'><strong><em>28,</em></strong></span> <span class='ocrx_word' id='word_1_47' title='bbox 400 662 427 703; x_wconf 82' lang='grc'>2</span> <span class='ocrx_word' id='word_1_48' title='bbox 451 655 632 712; x_wconf 89' lang='lat' dir='ltr'><strong>utrique</strong></span> <span class='ocrx_word' id='word_1_49' title='bbox 658 654 720 698; x_wconf 89' lang='lat' dir='ltr'><strong>L.-</strong></span> <span class='ocrx_word' id='word_1_50' title='bbox 757 655 940 712; x_wconf 89' lang='lat' dir='ltr'><strong>uirique</strong></span> <span class='ocrx_word' id='word_1_51' title='bbox 973 649 979 714; x_wconf 92' lang='grc' dir='ltr'>Ι</span> <span class='ocrx_word' id='word_1_52' title='bbox 1012 660 1040 701; x_wconf 81' lang='lat'><strong>4</strong></span> <span class='ocrx_word' id='word_1_53' title='bbox 1067 660 1199 713; x_wconf 88' lang='lat' dir='ltr'><strong>pater</strong></span> <span class='ocrx_word' id='word_1_54' title='bbox 1229 662 1390 701; x_wconf 88' lang='lat' dir='ltr'><strong>orante</strong></span> <span class='ocrx_word' id='word_1_55' title='bbox 1428 658 1688 702; x_wconf 81' lang='lat' dir='ltr'><strong>Freherus:</strong></span> <span class='ocrx_word' id='word_1_56' title='bbox 1721 673 1826 716; x_wconf 89' lang='lat' dir='ltr'><strong>per-</strong></span> 
     </span>
     <span class='ocr_line' id='line_1_7' title="bbox 128 721 1829 788; baseline 0.001 -18"><span class='ocrx_word' id='word_1_57' title='bbox 128 725 279 771; x_wconf 81' lang='lat' dir='ltr'><strong>oranti</strong></span> <span class='ocrx_word' id='word_1_58' title='bbox 305 721 579 784; x_wconf 85' lang='lat' dir='ltr'><strong>(perorante</strong></span> <span class='ocrx_word' id='word_1_59' title='bbox 608 723 868 781; x_wconf 82' lang='lat' dir='ltr'><strong><em>Memmius,</em></strong></span> <span class='ocrx_word' id='word_1_60' title='bbox 910 730 1040 782; x_wconf 86' lang='lat' dir='ltr'><strong>pater</strong></span> <span class='ocrx_word' id='word_1_61' title='bbox 1071 732 1321 783; x_wconf 85' lang='lat' dir='ltr'><strong>perorante</strong></span> <span class='ocrx_word' id='word_1_62' title='bbox 1353 723 1425 786; x_wconf 91' lang='lat' dir='ltr'><strong>N)</strong></span> <span class='ocrx_word' id='word_1_63' title='bbox 1458 722 1464 788; x_wconf 94' lang='grc' dir='ltr'>Ι</span> <span class='ocrx_word' id='word_1_64' title='bbox 1508 732 1829 785; x_wconf 88' lang='lat' dir='ltr'><strong>praeparatur,</strong></span> 
     </span>
     <span class='ocr_line' id='line_1_8' title="bbox 127 787 1831 855; baseline 0.001 -16"><span class='ocrx_word' id='word_1_65' title='bbox 127 807 212 839; x_wconf 86' lang='lat' dir='ltr'><strong>em.</strong></span> <span class='ocrx_word' id='word_1_66' title='bbox 241 793 512 846; x_wconf 79' lang='lat' dir='ltr'><strong>Venturius,·</strong></span> <span class='ocrx_word' id='word_1_67' title='bbox 549 797 705 852; x_wconf 84' lang='lat' dir='ltr'><strong>pater:</strong></span> <span class='ocrx_word' id='word_1_68' title='bbox 743 799 931 852; x_wconf 88' lang='lat' dir='ltr'><strong>paratus</strong></span> <span class='ocrx_word' id='word_1_69' title='bbox 958 794 999 838; x_wconf 90' lang='grc' dir='ltr'><em>Α</em></span> <span class='ocrx_word' id='word_1_70' title='bbox 1030 787 1039 855; x_wconf 93' lang='grc' dir='ltr'>Ι</span> <span class='ocrx_word' id='word_1_71' title='bbox 1076 800 1128 840; x_wconf 79' lang='lat'><strong>14</strong></span> <span class='ocrx_word' id='word_1_72' title='bbox 1155 794 1298 852; x_wconf 85' lang='lat' dir='ltr'><strong>falsa,</strong></span> <span class='ocrx_word' id='word_1_73' title='bbox 1328 807 1412 839; x_wconf 83' lang='lat' dir='ltr'><strong>em.</strong></span> <span class='ocrx_word' id='word_1_74' title='bbox 1450 796 1512 846; x_wconf 85' lang='lat' dir='ltr'><strong>U,·</strong></span> <span class='ocrx_word' id='word_1_75' title='bbox 1537 810 1622 855; x_wconf 85' lang='lat' dir='ltr'><strong>per</strong></span> <span class='ocrx_word' id='word_1_76' title='bbox 1649 797 1766 841; x_wconf 83' lang='lat' dir='ltr'><strong>falsa</strong></span> <span class='ocrx_word' id='word_1_77' title='bbox 1790 796 1831 840; x_wconf 87' lang='grc' dir='ltr'><em>Α</em></span> 
     </span>
    </p>

    <p class='ocr_par' dir='ltr' id='par_1_5' title="bbox 128 857 1832 996">
     <span class='ocr_line' id='line_1_9' title="bbox 272 857 1832 924; baseline 0.002 -17"><span class='ocrx_word' id='word_1_78' title='bbox 272 860 366 920; x_wconf 81' lang='lat'><strong><em>29,</em></strong></span> <span class='ocrx_word' id='word_1_79' title='bbox 403 871 429 911; x_wconf 89' lang='lat'>5</span> <span class='ocrx_word' id='word_1_80' title='bbox 468 869 817 908; x_wconf 79' lang='lat' dir='ltr'><strong>arcesserentur</strong></span> <span class='ocrx_word' id='word_1_81' title='bbox 851 863 888 906; x_wconf 82' lang='lat' dir='ltr'><em>L</em></span> <span class='ocrx_word' id='word_1_82' title='bbox 931 857 939 924; x_wconf 95' lang='grc' dir='ltr'>Ι</span> <span class='ocrx_word' id='word_1_83' title='bbox 986 860 1078 920; x_wconf 86' lang='grc'><strong>30,</strong></span> <span class='ocrx_word' id='word_1_84' title='bbox 1117 869 1144 910; x_wconf 89' lang='grc'><strong>3</strong></span> <span class='ocrx_word' id='word_1_85' title='bbox 1180 877 1278 908; x_wconf 84' lang='lat' dir='ltr'><strong>cum</strong></span> <span class='ocrx_word' id='word_1_86' title='bbox 1315 864 1362 908; x_wconf 82' lang='grc' dir='ltr'><strong>Ιι.</strong></span> <span class='ocrx_word' id='word_1_87' title='bbox 1399 866 1428 908; x_wconf 89' lang='lat' dir='ltr'><strong>l.</strong></span> <span class='ocrx_word' id='word_1_88' title='bbox 1468 866 1574 909; x_wconf 83' lang='lat' dir='ltr'><strong>add.</strong></span> <span class='ocrx_word' id='word_1_89' title='bbox 1611 865 1678 920; x_wconf 90' lang='lat' dir='ltr'><strong><em>N,</em></strong></span> <span class='ocrx_word' id='word_1_90' title='bbox 1724 870 1832 923; x_wconf 79' lang='lat' dir='ltr'><strong>post</strong></span> 
     </span>
     <span class='ocr_line' id='line_1_10' title="bbox 128 924 1823 996; baseline -0.001 -18"><span class='ocrx_word' id='word_1_91' title='bbox 128 933 430 978; x_wconf 81' lang='lat' dir='ltr'><strong>claudendum</strong></span> <span class='ocrx_word' id='word_1_92' title='bbox 454 932 511 977; x_wconf 92' lang='lat' dir='ltr'><em>M</em></span> <span class='ocrx_word' id='word_1_93' title='bbox 538 928 544 994; x_wconf 95' lang='grc' dir='ltr'>Ι</span> <span class='ocrx_word' id='word_1_94' title='bbox 579 937 606 980; x_wconf 92' lang='grc'><strong>6</strong></span> <span class='ocrx_word' id='word_1_95' title='bbox 634 945 761 977; x_wconf 85' lang='lat' dir='ltr'><strong>amor</strong></span> <span class='ocrx_word' id='word_1_96' title='bbox 786 946 886 976; x_wconf 90' lang='lat' dir='ltr'><strong>cum</strong></span> <span class='ocrx_word' id='word_1_97' title='bbox 918 924 926 995; x_wconf 95' lang='grc' dir='ltr'>Ι</span> <span class='ocrx_word' id='word_1_98' title='bbox 959 937 985 980; x_wconf 90' lang='grc'>9</span> <span class='ocrx_word' id='word_1_99' title='bbox 1011 932 1056 976; x_wconf 91' lang='lat' dir='ltr'><strong>ni</strong></span> <span class='ocrx_word' id='word_1_100' title='bbox 1086 932 1153 975; x_wconf 85' lang='lat' dir='ltr'><strong>B.-</strong></span> <span class='ocrx_word' id='word_1_101' title='bbox 1187 945 1258 977; x_wconf 90' lang='lat' dir='ltr'><strong>me</strong></span> <span class='ocrx_word' id='word_1_102' title='bbox 1293 929 1300 996; x_wconf 94' lang='grc' dir='ltr'>Ι</span> <span class='ocrx_word' id='word_1_103' title='bbox 1337 939 1391 980; x_wconf 79' lang='lat'><strong>14</strong></span> <span class='ocrx_word' id='word_1_104' title='bbox 1416 948 1473 978; x_wconf 91' lang='lat' dir='ltr'><strong>ne</strong></span> <span class='ocrx_word' id='word_1_105' title='bbox 1499 934 1608 978; x_wconf 83' lang='lat' dir='ltr'><strong>add.</strong></span> <span class='ocrx_word' id='word_1_106' title='bbox 1634 934 1823 979; x_wconf 80' lang='lat' dir='ltr'><strong>Belclcer</strong></span> 
     </span>
    </p>

    <p class='ocr_par' dir='ltr' id='par_1_6' title="bbox 127 998 1828 1185">
     <span class='ocr_line' id='line_1_11' title="bbox 267 998 1827 1064; baseline -0.001 -16"><span class='ocrx_word' id='word_1_107' title='bbox 267 999 322 1048; x_wconf 89' lang='grc'><strong>31</strong></span> <span class='ocrx_word' id='word_1_108' title='bbox 348 1036 360 1058; x_wconf 87' lang='grc'>,</span> <span class='ocrx_word' id='word_1_109' title='bbox 394 1007 448 1050; x_wconf 91' lang='grc'><strong>13</strong></span> <span class='ocrx_word' id='word_1_110' title='bbox 474 1002 774 1058; x_wconf 88' lang='lat' dir='ltr'><strong>uteiurando,</strong></span> <span class='ocrx_word' id='word_1_111' title='bbox 801 1014 886 1045; x_wconf 82' lang='lat' dir='ltr'><strong>em.</strong></span> <span class='ocrx_word' id='word_1_112' title='bbox 910 1001 975 1046; x_wconf 89' lang='lat' dir='ltr'><strong>Ri</strong></span> <span class='ocrx_word' id='word_1_113' title='bbox 995 1005 1036 1045; x_wconf 81' lang='lat' dir='ltr'><strong>et</strong></span> <span class='ocrx_word' id='word_1_114' title='bbox 1064 1002 1127 1046; x_wconf 90' lang='lat' dir='ltr'><em>W</em></span> <span class='ocrx_word' id='word_1_115' title='bbox 1145 998 1234 1061; x_wconf 81' lang='lat' dir='ltr'><strong>(cf.</strong></span> <span class='ocrx_word' id='word_1_116' title='bbox 1256 1010 1306 1058; x_wconf 93' lang='grc'><strong>1,</strong></span> <span class='ocrx_word' id='word_1_117' title='bbox 1336 1000 1440 1062; x_wconf 82' lang='lat'>14);</span> <span class='ocrx_word' id='word_1_118' title='bbox 1468 1004 1533 1047; x_wconf 91' lang='lat' dir='ltr'><strong>uti</strong></span> <span class='ocrx_word' id='word_1_119' title='bbox 1563 1001 1681 1064; x_wconf 81' lang='lat' dir='ltr'><strong>(sive</strong></span> <span class='ocrx_word' id='word_1_120' title='bbox 1707 1000 1827 1063; x_wconf 89' lang='lat' dir='ltr'><strong>utei)</strong></span> 
     </span>
     <span class='ocr_line' id='line_1_12' title="bbox 127 1065 1828 1135; baseline 0.001 -20"><span class='ocrx_word' id='word_1_121' title='bbox 127 1073 227 1116; x_wconf 90' lang='lat' dir='ltr'><strong>iure</strong></span> <span class='ocrx_word' id='word_1_122' title='bbox 263 1072 455 1116; x_wconf 88' lang='lat' dir='ltr'><strong>iurando</strong></span> <span class='ocrx_word' id='word_1_123' title='bbox 486 1070 625 1119; x_wconf 61' lang='lat' dir='ltr'><strong>ottus.</strong></span> <span class='ocrx_word' id='word_1_124' title='bbox 649 1072 798 1128; x_wconf 77' lang='lat' dir='ltr'><strong>possis</strong></span> <span class='ocrx_word' id='word_1_125' title='bbox 824 1073 979 1120; x_wconf 80' lang='lat' dir='ltr'><strong>etiam.-</strong></span> <span class='ocrx_word' id='word_1_126' title='bbox 1018 1075 1067 1115; x_wconf 92' lang='lat' dir='ltr'><strong>ut</strong></span> <span class='ocrx_word' id='word_1_127' title='bbox 1101 1076 1147 1115; x_wconf 90' lang='lat' dir='ltr'><strong>et</strong></span> <span class='ocrx_word' id='word_1_128' title='bbox 1174 1071 1276 1116; x_wconf 83' lang='lat' dir='ltr'><strong>iure</strong></span> <span class='ocrx_word' id='word_1_129' title='bbox 1304 1072 1499 1118; x_wconf 87' lang='lat' dir='ltr'><strong>iurando</strong></span> <span class='ocrx_word' id='word_1_130' title='bbox 1533 1065 1541 1135; x_wconf 89' lang='grc' dir='ltr'>Ι</span> <span class='ocrx_word' id='word_1_131' title='bbox 1574 1077 1629 1121; x_wconf 91' lang='grc'><strong>19</strong></span> <span class='ocrx_word' id='word_1_132' title='bbox 1653 1072 1828 1117; x_wconf 83' lang='lat' dir='ltr'><strong>indicio</strong></span> 
     </span>
     <span class='ocr_line' id='line_1_13' title="bbox 137 1139 646 1185; baseline -0.002 0"><span class='ocrx_word' id='word_1_133' title='bbox 137 1139 433 1185; x_wconf 82' lang='lat' dir='ltr'><strong>Vertranius:</strong></span> <span class='ocrx_word' id='word_1_134' title='bbox 471 1139 646 1185; x_wconf 88' lang='lat' dir='ltr'><strong>iudicio</strong></span> 
     </span>
    </p>

    <p class='ocr_par' dir='ltr' id='par_1_7' title="bbox 129 1202 1827 1342">
     <span class='ocr_line' id='line_1_14' title="bbox 269 1202 1827 1272; baseline 0.001 -18"><span class='ocrx_word' id='word_1_135' title='bbox 269 1205 334 1255; x_wconf 87' lang='lat'><strong>32</strong></span> <span class='ocrx_word' id='word_1_136' title='bbox 352 1243 365 1266; x_wconf 87' lang='lat'>‚</span> <span class='ocrx_word' id='word_1_137' title='bbox 398 1215 427 1259; x_wconf 86' lang='lat'><strong>3</strong></span> <span class='ocrx_word' id='word_1_138' title='bbox 452 1209 627 1255; x_wconf 89' lang='lat' dir='ltr'><strong>veteris</strong></span> <span class='ocrx_word' id='word_1_139' title='bbox 652 1209 716 1264; x_wconf 84' lang='lat' dir='ltr'><strong><em>F,</em></strong></span> <span class='ocrx_word' id='word_1_140' title='bbox 752 1214 802 1254; x_wconf 84' lang='lat' dir='ltr'><strong>ut</strong></span> <span class='ocrx_word' id='word_1_141' title='bbox 829 1215 894 1253; x_wconf 81' lang='lat' dir='ltr'><strong>est</strong></span> <span class='ocrx_word' id='word_1_142' title='bbox 918 1216 938 1257; x_wconf 92' lang='lat'>1</span> <span class='ocrx_word' id='word_1_143' title='bbox 957 1243 969 1265; x_wconf 91' lang='lat'><strong><em>,</em></strong></span> <span class='ocrx_word' id='word_1_144' title='bbox 999 1215 1019 1255; x_wconf 96' lang='grc'><strong>1</strong></span> <span class='ocrx_word' id='word_1_145' title='bbox 1054 1202 1064 1272; x_wconf 94' lang='grc' dir='ltr'>Ι</span> <span class='ocrx_word' id='word_1_146' title='bbox 1096 1214 1125 1256; x_wconf 85' lang='grc'>4</span> <span class='ocrx_word' id='word_1_147' title='bbox 1155 1211 1460 1269; x_wconf 85' lang='lat' dir='ltr'><strong>eopossiuere</strong></span> <span class='ocrx_word' id='word_1_148' title='bbox 1489 1210 1827 1272; x_wconf 85' lang='lat' dir='ltr'><strong>(conposivere</strong></span> 
     </span>
     <span class='ocr_line' id='line_1_15' title="bbox 129 1271 1344 1342; baseline 0.001 -18"><span class='ocrx_word' id='word_1_149' title='bbox 129 1279 192 1331; x_wconf 87' lang='lat' dir='ltr'><strong><em>N,</em></strong></span> <span class='ocrx_word' id='word_1_150' title='bbox 222 1280 277 1324; x_wconf 84' lang='lat' dir='ltr'><strong>de</strong></span> <span class='ocrx_word' id='word_1_151' title='bbox 305 1293 396 1338; x_wconf 79' lang='lat' dir='ltr'><strong>qua</strong></span> <span class='ocrx_word' id='word_1_152' title='bbox 420 1279 578 1338; x_wconf 83' lang='lat' dir='ltr'><strong>forma</strong></span> <span class='ocrx_word' id='word_1_153' title='bbox 601 1292 644 1323; x_wconf 88' lang='lat' dir='ltr'><strong>v.</strong></span> <span class='ocrx_word' id='word_1_154' title='bbox 677 1275 798 1338; x_wconf 78' lang='lat' dir='ltr'><strong>Octo)</strong></span> <span class='ocrx_word' id='word_1_155' title='bbox 832 1271 839 1342; x_wconf 90' lang='grc' dir='ltr'>Ι</span> <span class='ocrx_word' id='word_1_156' title='bbox 872 1283 899 1327; x_wconf 89' lang='grc'>9</span> <span class='ocrx_word' id='word_1_157' title='bbox 923 1278 1057 1323; x_wconf 90' lang='lat' dir='ltr'><strong>immo</strong></span> <span class='ocrx_word' id='word_1_158' title='bbox 1084 1279 1147 1324; x_wconf 87' lang='lat' dir='ltr'><strong>ita</strong></span> <span class='ocrx_word' id='word_1_159' title='bbox 1174 1281 1344 1340; x_wconf 87' lang='lat' dir='ltr'><strong>quippe</strong></span> 
     </span>
    </p>

    <p class='ocr_par' dir='ltr' id='par_1_8' title="bbox 76 1343 1831 1826">
     <span class='ocr_line' id='line_1_16' title="bbox 209 1343 1829 1413; baseline 0.002 -19"><span class='ocrx_word' id='word_1_160' title='bbox 209 1356 212 1358; x_wconf 75' lang='grc'>’</span> <span class='ocrx_word' id='word_1_161' title='bbox 269 1345 363 1406; x_wconf 89' lang='grc'><strong>33,</strong></span> <span class='ocrx_word' id='word_1_162' title='bbox 399 1348 711 1405; x_wconf 85' lang='lat' dir='ltr'><strong>2eonseiata,</strong></span> <span class='ocrx_word' id='word_1_163' title='bbox 750 1360 833 1392; x_wconf 88' lang='lat' dir='ltr'><strong>em.</strong></span> <span class='ocrx_word' id='word_1_164' title='bbox 861 1348 908 1392; x_wconf 88' lang='lat' dir='ltr'><em>E</em></span> <span class='ocrx_word' id='word_1_165' title='bbox 948 1343 954 1411; x_wconf 91' lang='grc' dir='ltr'>Ι</span> <span class='ocrx_word' id='word_1_166' title='bbox 999 1355 1024 1395; x_wconf 92' lang='lat'>5</span> <span class='ocrx_word' id='word_1_167' title='bbox 1050 1350 1273 1394; x_wconf 85' lang='lat' dir='ltr'><strong>noscendi</strong></span> <span class='ocrx_word' id='word_1_168' title='bbox 1322 1344 1330 1413; x_wconf 93' lang='grc' dir='ltr'>Ι</span> <span class='ocrx_word' id='word_1_169' title='bbox 1376 1355 1405 1399; x_wconf 89' lang='grc'>8</span> <span class='ocrx_word' id='word_1_170' title='bbox 1443 1365 1494 1396; x_wconf 89' lang='lat' dir='ltr'><strong>re</strong></span> <span class='ocrx_word' id='word_1_171' title='bbox 1530 1352 1729 1397; x_wconf 88' lang='lat' dir='ltr'><strong>Romana</strong></span> <span class='ocrx_word' id='word_1_172' title='bbox 1765 1351 1829 1396; x_wconf 83' lang='lat' dir='ltr'><strong>L.-</strong></span> 
     </span>
     <span class='ocr_line' id='line_1_17' title="bbox 129 1411 1829 1481; baseline 0.001 -18"><span class='ocrx_word' id='word_1_173' title='bbox 129 1432 280 1463; x_wconf 89' lang='lat' dir='ltr'><strong>rerum</strong></span> <span class='ocrx_word' id='word_1_174' title='bbox 325 1411 332 1481; x_wconf 92' lang='grc' dir='ltr'>Ι</span> <span class='ocrx_word' id='word_1_175' title='bbox 374 1423 429 1467; x_wconf 93' lang='grc'><strong>16</strong></span> <span class='ocrx_word' id='word_1_176' title='bbox 465 1418 615 1463; x_wconf 86' lang='lat' dir='ltr'><strong>exitu:</strong></span> <span class='ocrx_word' id='word_1_177' title='bbox 663 1417 795 1462; x_wconf 87' lang='lat' dir='ltr'><strong>exitii</strong></span> <span class='ocrx_word' id='word_1_178' title='bbox 835 1418 902 1467; x_wconf 89' lang='lat' dir='ltr'><strong>P,·</strong></span> <span class='ocrx_word' id='word_1_179' title='bbox 938 1418 1052 1462; x_wconf 84' lang='lat' dir='ltr'><strong>illud</strong></span> <span class='ocrx_word' id='word_1_180' title='bbox 1084 1423 1150 1462; x_wconf 80' lang='lat' dir='ltr'><strong>est</strong></span> <span class='ocrx_word' id='word_1_181' title='bbox 1191 1414 1386 1465; x_wconf 73' lang='lat' dir='ltr'><strong>‘causas</strong></span> <span class='ocrx_word' id='word_1_182' title='bbox 1426 1422 1620 1466; x_wconf 90' lang='lat' dir='ltr'><strong>eundem</strong></span> <span class='ocrx_word' id='word_1_183' title='bbox 1657 1421 1829 1465; x_wconf 86' lang='lat' dir='ltr'><strong>exitum</strong></span> 
     </span>
     <span class='ocr_line' id='line_1_18' title="bbox 76 1483 1826 1551; baseline 0.001 -19"><span class='ocrx_word' id='word_1_184' title='bbox 76 1488 85 1491; x_wconf 54' lang='lat'><em>⁷</em></span> <span class='ocrx_word' id='word_1_185' title='bbox 127 1485 379 1533; x_wconf 86' lang='lat' dir='ltr'><strong>habentes&#39;</strong></span> <span class='ocrx_word' id='word_1_186' title='bbox 395 1521 408 1544; x_wconf 94' lang='lat'><strong><em>,</em></strong></span> <span class='ocrx_word' id='word_1_187' title='bbox 437 1487 558 1545; x_wconf 79' lang='lat' dir='ltr'><strong>quod</strong></span> <span class='ocrx_word' id='word_1_188' title='bbox 575 1487 844 1532; x_wconf 82' lang='lat' dir='ltr'><strong>monendum</strong></span> <span class='ocrx_word' id='word_1_189' title='bbox 869 1492 973 1531; x_wconf 81' lang='lat' dir='ltr'><strong>erat</strong></span> <span class='ocrx_word' id='word_1_190' title='bbox 987 1493 1184 1545; x_wconf 81' lang='lat' dir='ltr'><strong>propter</strong></span> <span class='ocrx_word' id='word_1_191' title='bbox 1213 1489 1261 1532; x_wconf 89' lang='lat' dir='ltr'><strong>id</strong></span> <span class='ocrx_word' id='word_1_192' title='bbox 1290 1491 1413 1547; x_wconf 83' lang='lat' dir='ltr'><strong>quod</strong></span> <span class='ocrx_word' id='word_1_193' title='bbox 1441 1488 1536 1535; x_wconf 79' lang='lat' dir='ltr'><strong>Octo</strong></span> <span class='ocrx_word' id='word_1_194' title='bbox 1562 1491 1791 1534; x_wconf 80' lang='lat' dir='ltr'><strong>adnotavit</strong></span> <span class='ocrx_word' id='word_1_195' title='bbox 1819 1483 1826 1551; x_wconf 91' lang='grc' dir='ltr'>Ι</span> 
     </span>
     <span class='ocr_line' id='line_1_19' title="bbox 128 1554 1831 1616; baseline -0.001 -13"><span class='ocrx_word' id='word_1_196' title='bbox 128 1561 181 1605; x_wconf 85' lang='grc'><strong>17</strong></span> <span class='ocrx_word' id='word_1_197' title='bbox 213 1556 335 1615; x_wconf 90' lang='lat' dir='ltr'><strong>quod</strong></span> <span class='ocrx_word' id='word_1_198' title='bbox 367 1557 418 1602; x_wconf 91' lang='lat' dir='ltr'><em>N</em></span> <span class='ocrx_word' id='word_1_199' title='bbox 443 1558 551 1601; x_wconf 83' lang='lat' dir='ltr'><strong>incl.</strong></span> <span class='ocrx_word' id='word_1_200' title='bbox 594 1554 602 1616; x_wconf 89' lang='grc' dir='ltr'>Ι</span> <span class='ocrx_word' id='word_1_201' title='bbox 647 1561 701 1604; x_wconf 90' lang='grc'><strong>18</strong></span> <span class='ocrx_word' id='word_1_202' title='bbox 732 1557 1018 1602; x_wconf 82' lang='lat' dir='ltr'><strong>Romanasne</strong></span> <span class='ocrx_word' id='word_1_203' title='bbox 1054 1557 1121 1611; x_wconf 83' lang='lat' dir='ltr'><strong><em>N,</em></strong></span> <span class='ocrx_word' id='word_1_204' title='bbox 1160 1562 1210 1601; x_wconf 77' lang='lat' dir='ltr'><strong>ut</strong></span> <span class='ocrx_word' id='word_1_205' title='bbox 1246 1560 1402 1616; x_wconf 79' lang='lat' dir='ltr'><strong>utique</strong></span> <span class='ocrx_word' id='word_1_206' title='bbox 1438 1573 1574 1616; x_wconf 81' lang='lat' dir='ltr'><strong>pura</strong></span> <span class='ocrx_word' id='word_1_207' title='bbox 1609 1559 1831 1603; x_wconf 81' lang='lat' dir='ltr'><strong>Latinitas</strong></span> 
     </span>
     <span class='ocr_line' id='line_1_20' title="bbox 122 1622 1830 1685; baseline 0.002 -16"><span class='ocrx_word' id='word_1_208' title='bbox 122 1626 371 1684; x_wconf 76' lang='lat' dir='ltr'><strong>flayitabat.</strong></span> <span class='ocrx_word' id='word_1_209' title='bbox 407 1624 468 1670; x_wconf 85' lang='lat' dir='ltr'><strong>In</strong></span> <span class='ocrx_word' id='word_1_210' title='bbox 493 1626 586 1672; x_wconf 78' lang='lat' dir='ltr'><strong>Cic·</strong></span> <span class='ocrx_word' id='word_1_211' title='bbox 606 1638 783 1685; x_wconf 77' lang='lat' dir='ltr'><strong>quoque</strong></span> <span class='ocrx_word' id='word_1_212' title='bbox 802 1627 945 1671; x_wconf 80' lang='lat' dir='ltr'><strong>Acad.</strong></span> <span class='ocrx_word' id='word_1_213' title='bbox 967 1626 1034 1682; x_wconf 92' lang='lat' dir='ltr'><strong>Il,</strong></span> <span class='ocrx_word' id='word_1_214' title='bbox 1062 1622 1111 1684; x_wconf 55' lang='grc' dir='ltr'><strong>ἕ.</strong></span> <span class='ocrx_word' id='word_1_215' title='bbox 1132 1630 1189 1674; x_wconf 82' lang='lat'><strong>34</strong></span> <span class='ocrx_word' id='word_1_216' title='bbox 1208 1628 1337 1671; x_wconf 83' lang='lat' dir='ltr'><em>codd.</em></span> <span class='ocrx_word' id='word_1_217' title='bbox 1364 1630 1515 1674; x_wconf 83' lang='lat' dir='ltr'><strong>vitiose</strong></span> <span class='ocrx_word' id='word_1_218' title='bbox 1541 1642 1654 1674; x_wconf 85' lang='lat' dir='ltr'><strong>vere</strong></span> <span class='ocrx_word' id='word_1_219' title='bbox 1679 1628 1830 1673; x_wconf 87' lang='lat' dir='ltr'><strong>inani-</strong></span> 
     </span>
     <span class='ocr_line' id='line_1_21' title="bbox 128 1688 1830 1761; baseline 0.001 -23"><span class='ocrx_word' id='word_1_220' title='bbox 128 1700 260 1740; x_wconf 88' lang='lat' dir='ltr'><strong>terne</strong></span> <span class='ocrx_word' id='word_1_221' title='bbox 281 1695 460 1740; x_wconf 79' lang='lat' dir='ltr'><strong>habent.</strong></span> <span class='ocrx_word' id='word_1_222' title='bbox 493 1690 502 1760; x_wconf 95' lang='grc' dir='ltr'>Ι</span> <span class='ocrx_word' id='word_1_223' title='bbox 535 1701 589 1745; x_wconf 86' lang='grc'><strong>19</strong></span> <span class='ocrx_word' id='word_1_224' title='bbox 609 1695 890 1741; x_wconf 84' lang='lat' dir='ltr'><strong>infamiamL</strong></span> <span class='ocrx_word' id='word_1_225' title='bbox 925 1688 934 1757; x_wconf 93' lang='grc' dir='ltr'>Ι</span> <span class='ocrx_word' id='word_1_226' title='bbox 966 1700 1024 1743; x_wconf 88' lang='grc'><strong>23</strong></span> <span class='ocrx_word' id='word_1_227' title='bbox 1045 1696 1179 1740; x_wconf 90' lang='lat' dir='ltr'><strong>nimis</strong></span> <span class='ocrx_word' id='word_1_228' title='bbox 1202 1696 1244 1742; x_wconf 90' lang='lat' dir='ltr'><em>U</em></span> <span class='ocrx_word' id='word_1_229' title='bbox 1249 1717 1262 1741; x_wconf 87' lang='lat'><strong>.·</strong></span> <span class='ocrx_word' id='word_1_230' title='bbox 1283 1697 1444 1743; x_wconf 87' lang='lat' dir='ltr'><strong>animis</strong></span> <span class='ocrx_word' id='word_1_231' title='bbox 1478 1695 1486 1761; x_wconf 92' lang='grc' dir='ltr'>Ι</span> <span class='ocrx_word' id='word_1_232' title='bbox 1521 1699 1578 1743; x_wconf 90' lang='lat' dir='ltr'><strong>ad</strong></span> <span class='ocrx_word' id='word_1_233' title='bbox 1598 1698 1830 1755; x_wconf 84' lang='lat' dir='ltr'><strong>inceptum</strong></span> 
     </span>
     <span class='ocr_line' id='line_1_22' title="bbox 127 1762 1829 1826; baseline 0 -18"><span class='ocrx_word' id='word_1_234' title='bbox 127 1764 245 1809; x_wconf 86' lang='lat' dir='ltr'><strong>Hm.-</strong></span> <span class='ocrx_word' id='word_1_235' title='bbox 272 1770 469 1824; x_wconf 85' lang='lat' dir='ltr'><strong>ancepto</strong></span> <span class='ocrx_word' id='word_1_236' title='bbox 498 1762 584 1826; x_wconf 86' lang='lat' dir='ltr'><strong>(ad</strong></span> <span class='ocrx_word' id='word_1_237' title='bbox 611 1764 795 1824; x_wconf 79' lang='lat' dir='ltr'><strong>incepta</strong></span> <span class='ocrx_word' id='word_1_238' title='bbox 819 1762 885 1825; x_wconf 91' lang='grc' dir='ltr'><strong>Β)</strong></span> <span class='ocrx_word' id='word_1_239' title='bbox 904 1799 916 1822; x_wconf 88' lang='grc'>,</span> <span class='ocrx_word' id='word_1_240' title='bbox 943 1764 1007 1823; x_wconf 81' lang='lat' dir='ltr'><strong>cf.</strong></span> <span class='ocrx_word' id='word_1_241' title='bbox 1034 1767 1088 1819; x_wconf 82' lang='lat'><strong><em>6,</em></strong></span> <span class='ocrx_word' id='word_1_242' title='bbox 1119 1767 1194 1809; x_wconf 85' lang='lat'><strong>22.</strong></span> <span class='ocrx_word' id='word_1_243' title='bbox 1222 1764 1331 1811; x_wconf 86' lang='lat' dir='ltr'><em>Sall.</em></span> <span class='ocrx_word' id='word_1_244' title='bbox 1356 1767 1453 1812; x_wconf 81' lang='lat' dir='ltr'><strong>Cat.</strong></span> <span class='ocrx_word' id='word_1_245' title='bbox 1484 1770 1525 1823; x_wconf 83' lang='lat'><strong><em>7,</em></strong></span> <span class='ocrx_word' id='word_1_246' title='bbox 1550 1767 1655 1824; x_wconf 76' lang='lat' dir='ltr'><strong><em>Juy.</em></strong></span> <span class='ocrx_word' id='word_1_247' title='bbox 1681 1771 1727 1811; x_wconf 85' lang='grc'><strong>4.</strong></span> <span class='ocrx_word' id='word_1_248' title='bbox 1746 1768 1829 1810; x_wconf 83' lang='grc'><strong>42.</strong></span> 
     </span>
    </p>

    <p class='ocr_par' dir='ltr' id='par_1_9' title="bbox 131 1827 1829 2034">
     <span class='ocr_line' id='line_1_23' title="bbox 269 1827 1829 1898; baseline -0.001 -18"><span class='ocrx_word' id='word_1_249' title='bbox 269 1831 363 1891; x_wconf 89' lang='grc'><strong>34,</strong></span> <span class='ocrx_word' id='word_1_250' title='bbox 392 1839 443 1883; x_wconf 90' lang='grc'><strong>17</strong></span> <span class='ocrx_word' id='word_1_251' title='bbox 465 1835 738 1880; x_wconf 88' lang='lat' dir='ltr'><strong>uocabulum</strong></span> <span class='ocrx_word' id='word_1_252' title='bbox 765 1838 995 1892; x_wconf 82' lang='lat' dir='ltr'><strong>ponuntur</strong></span> <span class='ocrx_word' id='word_1_253' title='bbox 1028 1827 1034 1894; x_wconf 91' lang='grc' dir='ltr'>Ι</span> <span class='ocrx_word' id='word_1_254' title='bbox 1068 1833 1240 1892; x_wconf 85' lang='lat' dir='ltr'><strong>insigni</strong></span> <span class='ocrx_word' id='word_1_255' title='bbox 1274 1829 1282 1898; x_wconf 95' lang='grc' dir='ltr'>Ι</span> <span class='ocrx_word' id='word_1_256' title='bbox 1314 1840 1371 1882; x_wconf 81' lang='grc'><strong>20</strong></span> <span class='ocrx_word' id='word_1_257' title='bbox 1391 1837 1653 1895; x_wconf 89' lang='lat' dir='ltr'><strong>opibusque</strong></span> <span class='ocrx_word' id='word_1_258' title='bbox 1675 1841 1829 1893; x_wconf 90' lang='lat' dir='ltr'><strong>atque,</strong></span> 
     </span>
     <span class='ocr_line' id='line_1_24' title="bbox 131 1896 1828 1967; baseline 0.002 -20"><span class='ocrx_word' id='word_1_259' title='bbox 131 1915 215 1948; x_wconf 84' lang='lat' dir='ltr'><strong>em.</strong></span> <span class='ocrx_word' id='word_1_260' title='bbox 246 1903 312 1951; x_wconf 84' lang='lat' dir='ltr'><strong>A,-</strong></span> <span class='ocrx_word' id='word_1_261' title='bbox 340 1903 506 1961; x_wconf 86' lang='lat' dir='ltr'><strong>opibus</strong></span> <span class='ocrx_word' id='word_1_262' title='bbox 538 1917 685 1961; x_wconf 85' lang='lat' dir='ltr'><strong>aeque</strong></span> <span class='ocrx_word' id='word_1_263' title='bbox 711 1908 847 1961; x_wconf 86' lang='lat' dir='ltr'><strong>atque</strong></span> <span class='ocrx_word' id='word_1_264' title='bbox 873 1903 917 1947; x_wconf 92' lang='lat' dir='ltr'><em>D</em></span> <span class='ocrx_word' id='word_1_265' title='bbox 942 1903 1042 1947; x_wconf 79' lang='lat' dir='ltr'><strong>coll.</strong></span> <span class='ocrx_word' id='word_1_266' title='bbox 1069 1902 1133 1946; x_wconf 90' lang='lat' dir='ltr'><strong>H.</strong></span> <span class='ocrx_word' id='word_1_267' title='bbox 1159 1907 1213 1961; x_wconf 83' lang='lat'><strong><em>4,</em></strong></span> <span class='ocrx_word' id='word_1_268' title='bbox 1240 1910 1266 1952; x_wconf 85' lang='lat'>5</span> <span class='ocrx_word' id='word_1_269' title='bbox 1299 1896 1309 1967; x_wconf 94' lang='grc' dir='ltr'>Ι</span> <span class='ocrx_word' id='word_1_270' title='bbox 1340 1909 1397 1953; x_wconf 88' lang='grc'><strong>26</strong></span> <span class='ocrx_word' id='word_1_271' title='bbox 1431 1906 1725 1963; x_wconf 82' lang='lat' dir='ltr'><strong>relinquere3</strong></span> <span class='ocrx_word' id='word_1_272' title='bbox 1763 1903 1828 1961; x_wconf 83' lang='lat' dir='ltr'><strong>cf.</strong></span> 
     </span>
     <span class='ocr_line' id='line_1_25' title="bbox 136 1968 1105 2034; baseline -0.001 -17"><span class='ocrx_word' id='word_1_273' title='bbox 136 1971 230 2017; x_wconf 84' lang='lat' dir='ltr'><strong>otto</strong></span> <span class='ocrx_word' id='word_1_274' title='bbox 249 1985 301 2028; x_wconf 80' lang='lat' dir='ltr'><strong>p.</strong></span> <span class='ocrx_word' id='word_1_275' title='bbox 328 1975 414 2019; x_wconf 80' lang='lat'><strong>640</strong></span> <span class='ocrx_word' id='word_1_276' title='bbox 445 1968 451 2034; x_wconf 93' lang='grc' dir='ltr'>Ι</span> <span class='ocrx_word' id='word_1_277' title='bbox 485 1976 539 2020; x_wconf 87' lang='grc'><strong>27</strong></span> <span class='ocrx_word' id='word_1_278' title='bbox 572 1986 673 2017; x_wconf 89' lang='lat' dir='ltr'><strong>nam</strong></span> <span class='ocrx_word' id='word_1_279' title='bbox 705 1986 822 2029; x_wconf 88' lang='lat' dir='ltr'><strong>quae</strong></span> <span class='ocrx_word' id='word_1_280' title='bbox 850 1977 1006 2029; x_wconf 85' lang='lat' dir='ltr'><strong>spreta</strong></span> <span class='ocrx_word' id='word_1_281' title='bbox 1033 1973 1105 2016; x_wconf 86' lang='lat' dir='ltr'><strong>Fa</strong></span> 
     </span>
    </p>

    <p class='ocr_par' dir='ltr' id='par_1_10' title="bbox 131 2033 1829 2174">
     <span class='ocr_line' id='line_1_26' title="bbox 274 2033 1829 2106; baseline 0.001 -21"><span class='ocrx_word' id='word_1_282' title='bbox 274 2036 366 2096; x_wconf 88' lang='grc'><strong>35,</strong></span> <span class='ocrx_word' id='word_1_283' title='bbox 401 2044 430 2087; x_wconf 82' lang='lat'>4</span> <span class='ocrx_word' id='word_1_284' title='bbox 466 2041 584 2085; x_wconf 89' lang='lat' dir='ltr'><strong>enim</strong></span> <span class='ocrx_word' id='word_1_285' title='bbox 608 2041 725 2085; x_wconf 88' lang='lat' dir='ltr'><strong>Hm.-</strong></span> <span class='ocrx_word' id='word_1_286' title='bbox 766 2054 866 2084; x_wconf 88' lang='lat' dir='ltr'><strong>eum</strong></span> <span class='ocrx_word' id='word_1_287' title='bbox 906 2033 916 2104; x_wconf 95' lang='grc' dir='ltr'>Ι</span> <span class='ocrx_word' id='word_1_288' title='bbox 958 2045 986 2088; x_wconf 89' lang='grc'>8</span> <span class='ocrx_word' id='word_1_289' title='bbox 1012 2055 1068 2085; x_wconf 88' lang='lat' dir='ltr'><strong>ne</strong></span> <span class='ocrx_word' id='word_1_290' title='bbox 1097 2041 1159 2085; x_wconf 83' lang='lat' dir='ltr'><strong>G.-</strong></span> <span class='ocrx_word' id='word_1_291' title='bbox 1198 2055 1284 2087; x_wconf 84' lang='lat' dir='ltr'><strong>nec</strong></span> <span class='ocrx_word' id='word_1_292' title='bbox 1324 2037 1331 2106; x_wconf 95' lang='grc' dir='ltr'>Ι</span> <span class='ocrx_word' id='word_1_293' title='bbox 1378 2050 1432 2091; x_wconf 93' lang='grc'><strong>10</strong></span> <span class='ocrx_word' id='word_1_294' title='bbox 1458 2043 1718 2102; x_wconf 87' lang='lat' dir='ltr'><strong>rependunt</strong></span> <span class='ocrx_word' id='word_1_295' title='bbox 1742 2056 1829 2087; x_wconf 87' lang='lat' dir='ltr'><strong>neo</strong></span> 
     </span>
     <span class='ocr_line' id='line_1_27' title="bbox 131 2103 1518 2174; baseline 0.001 -20"><span class='ocrx_word' id='word_1_296' title='bbox 131 2110 296 2154; x_wconf 88' lang='lat' dir='ltr'><strong>derunt</strong></span> <span class='ocrx_word' id='word_1_297' title='bbox 328 2106 334 2167; x_wconf 91' lang='grc' dir='ltr'>Ι</span> <span class='ocrx_word' id='word_1_298' title='bbox 368 2116 420 2157; x_wconf 90' lang='grc'><strong>11</strong></span> <span class='ocrx_word' id='word_1_299' title='bbox 448 2110 532 2154; x_wconf 89' lang='lat' dir='ltr'><strong>sed</strong></span> <span class='ocrx_word' id='word_1_300' title='bbox 561 2114 606 2154; x_wconf 88' lang='lat' dir='ltr'><strong>et</strong></span> <span class='ocrx_word' id='word_1_301' title='bbox 632 2110 767 2155; x_wconf 88' lang='lat' dir='ltr'><strong>etiam</strong></span> <span class='ocrx_word' id='word_1_302' title='bbox 798 2103 809 2173; x_wconf 95' lang='grc' dir='ltr'>Ι</span> <span class='ocrx_word' id='word_1_303' title='bbox 843 2114 897 2157; x_wconf 88' lang='grc'><strong>13</strong></span> <span class='ocrx_word' id='word_1_304' title='bbox 919 2114 1076 2167; x_wconf 87' lang='lat' dir='ltr'><strong>patres</strong></span> <span class='ocrx_word' id='word_1_305' title='bbox 1104 2115 1150 2154; x_wconf 87' lang='lat' dir='ltr'><strong>et</strong></span> <span class='ocrx_word' id='word_1_306' title='bbox 1180 2105 1188 2174; x_wconf 91' lang='grc' dir='ltr'>Ι</span> <span class='ocrx_word' id='word_1_307' title='bbox 1221 2115 1277 2159; x_wconf 82' lang='lat'><strong>14</strong></span> <span class='ocrx_word' id='word_1_308' title='bbox 1301 2112 1518 2157; x_wconf 86' lang='lat' dir='ltr'><strong>socordia</strong></span> 
     </span>
    </p>

    <p class='ocr_par' dir='ltr' id='par_1_11' title="bbox 131 2172 1831 2306">
     <span class='ocr_line' id='line_1_28' title="bbox 271 2172 1831 2242; baseline 0.001 -20"><span class='ocrx_word' id='word_1_309' title='bbox 271 2173 366 2235; x_wconf 86' lang='lat'><strong><em>36,</em></strong></span> <span class='ocrx_word' id='word_1_310' title='bbox 405 2185 431 2226; x_wconf 87' lang='lat'>5</span> <span class='ocrx_word' id='word_1_311' title='bbox 460 2179 677 2237; x_wconf 87' lang='lat' dir='ltr'><strong>publicae</strong></span> <span class='ocrx_word' id='word_1_312' title='bbox 718 2172 728 2242; x_wconf 95' lang='grc' dir='ltr'>Ι</span> <span class='ocrx_word' id='word_1_313' title='bbox 775 2184 827 2226; x_wconf 88' lang='grc'><strong>13</strong></span> <span class='ocrx_word' id='word_1_314' title='bbox 858 2178 1116 2223; x_wconf 86' lang='lat' dir='ltr'><strong>districtior</strong></span> <span class='ocrx_word' id='word_1_315' title='bbox 1143 2180 1212 2233; x_wconf 89' lang='lat' dir='ltr'><strong><em>B,</em></strong></span> <span class='ocrx_word' id='word_1_316' title='bbox 1244 2185 1293 2224; x_wconf 82' lang='lat' dir='ltr'><strong>ac</strong></span> <span class='ocrx_word' id='word_1_317' title='bbox 1314 2195 1354 2225; x_wconf 87' lang='lat' dir='ltr'><strong>v.</strong></span> <span class='ocrx_word' id='word_1_318' title='bbox 1383 2195 1412 2225; x_wconf 91' lang='lat' dir='ltr'><strong>a</strong></span> <span class='ocrx_word' id='word_1_319' title='bbox 1445 2181 1571 2225; x_wconf 80' lang='lat' dir='ltr'><strong>nobis</strong></span> <span class='ocrx_word' id='word_1_320' title='bbox 1597 2181 1831 2238; x_wconf 81' lang='lat' dir='ltr'><strong>disputata</strong></span> 
     </span>
     <span class='ocr_line' id='line_1_29' title="bbox 131 2247 1101 2306; baseline -0.001 -14"><span class='ocrx_word' id='word_1_321' title='bbox 131 2249 176 2292; x_wconf 83' lang='lat' dir='ltr'><strong>in</strong></span> <span class='ocrx_word' id='word_1_322' title='bbox 194 2261 242 2291; x_wconf 85' lang='lat' dir='ltr'><strong>n.</strong></span> <span class='ocrx_word' id='word_1_323' title='bbox 271 2261 379 2291; x_wconf 85' lang='lat' dir='ltr'><strong>ann.</strong></span> <span class='ocrx_word' id='word_1_324' title='bbox 406 2247 516 2304; x_wconf 76' lang='lat' dir='ltr'><strong>phil.</strong></span> <span class='ocrx_word' id='word_1_325' title='bbox 548 2252 592 2292; x_wconf 79' lang='lat' dir='ltr'><strong>et</strong></span> <span class='ocrx_word' id='word_1_326' title='bbox 606 2261 657 2305; x_wconf 81' lang='lat' dir='ltr'><strong>p.</strong></span> <span class='ocrx_word' id='word_1_327' title='bbox 685 2249 767 2292; x_wconf 84' lang='lat' dir='ltr'><strong>vol.</strong></span> <span class='ocrx_word' id='word_1_328' title='bbox 798 2251 862 2292; x_wconf 86' lang='lat'><strong>56</strong></span> <span class='ocrx_word' id='word_1_329' title='bbox 885 2261 934 2304; x_wconf 86' lang='lat' dir='ltr'><strong>p.</strong></span> <span class='ocrx_word' id='word_1_330' title='bbox 965 2250 1101 2306; x_wconf 70' lang='lat'><strong>37—</strong></span> 
     </span>
    </p>

    <p class='ocr_par' dir='ltr' id='par_1_12' title="bbox 131 2310 1831 2449">
     <span class='ocr_line' id='line_1_30' title="bbox 271 2310 1831 2380; baseline 0.002 -20"><span class='ocrx_word' id='word_1_331' title='bbox 271 2313 364 2374; x_wconf 90' lang='lat'><strong><em>37,</em></strong></span> <span class='ocrx_word' id='word_1_332' title='bbox 404 2323 455 2364; x_wconf 93' lang='lat'><strong>11</strong></span> <span class='ocrx_word' id='word_1_333' title='bbox 495 2318 598 2362; x_wconf 84' lang='lat' dir='ltr'><strong>ficta</strong></span> <span class='ocrx_word' id='word_1_334' title='bbox 650 2310 657 2380; x_wconf 90' lang='grc' dir='ltr'>Ι</span> <span class='ocrx_word' id='word_1_335' title='bbox 704 2321 759 2365; x_wconf 78' lang='lat'><strong>14</strong></span> <span class='ocrx_word' id='word_1_336' title='bbox 800 2317 862 2362; x_wconf 89' lang='lat' dir='ltr'><strong>ita</strong></span> <span class='ocrx_word' id='word_1_337' title='bbox 898 2329 983 2375; x_wconf 87' lang='lat' dir='ltr'><strong>per</strong></span> <span class='ocrx_word' id='word_1_338' title='bbox 1007 2330 1104 2362; x_wconf 92' lang='lat' dir='ltr'><strong>oms</strong></span> <span class='ocrx_word' id='word_1_339' title='bbox 1138 2331 1222 2376; x_wconf 89' lang='lat' dir='ltr'><strong>per</strong></span> <span class='ocrx_word' id='word_1_340' title='bbox 1254 2330 1418 2376; x_wconf 92' lang='lat' dir='ltr'><strong>prou.,</strong></span> <span class='ocrx_word' id='word_1_341' title='bbox 1446 2330 1530 2363; x_wconf 89' lang='lat' dir='ltr'><strong>em.</strong></span> <span class='ocrx_word' id='word_1_342' title='bbox 1559 2316 1717 2379; x_wconf 87' lang='lat' dir='ltr'><strong>N(ita</strong></span> <span class='ocrx_word' id='word_1_343' title='bbox 1745 2333 1831 2378; x_wconf 87' lang='lat' dir='ltr'><strong>per</strong></span> 
     </span>
     <span class='ocr_line' id='line_1_31' title="bbox 131 2379 1689 2449; baseline 0.003 -20"><span class='ocrx_word' id='word_1_344' title='bbox 131 2397 289 2430; x_wconf 89' lang='lat' dir='ltr'><strong>omnes</strong></span> <span class='ocrx_word' id='word_1_345' title='bbox 316 2399 449 2444; x_wconf 86' lang='lat' dir='ltr'><strong>prov.</strong></span> <span class='ocrx_word' id='word_1_346' title='bbox 481 2383 665 2446; x_wconf 71' lang='lat' dir='ltr'><strong>vulyo),</strong></span> <span class='ocrx_word' id='word_1_347' title='bbox 691 2385 753 2444; x_wconf 85' lang='lat' dir='ltr'><strong>cf.</strong></span> <span class='ocrx_word' id='word_1_348' title='bbox 787 2385 881 2431; x_wconf 77' lang='lat' dir='ltr'><strong>Otto</strong></span> <span class='ocrx_word' id='word_1_349' title='bbox 908 2386 972 2429; x_wconf 84' lang='lat' dir='ltr'><strong>ad</strong></span> <span class='ocrx_word' id='word_1_350' title='bbox 995 2386 1040 2430; x_wconf 79' lang='lat' dir='ltr'><strong>h.</strong></span> <span class='ocrx_word' id='word_1_351' title='bbox 1068 2388 1099 2431; x_wconf 82' lang='lat' dir='ltr'><strong>l.</strong></span> <span class='ocrx_word' id='word_1_352' title='bbox 1135 2379 1141 2449; x_wconf 94' lang='grc' dir='ltr'>Ι</span> <span class='ocrx_word' id='word_1_353' title='bbox 1175 2393 1228 2434; x_wconf 85' lang='grc'><strong>15</strong></span> <span class='ocrx_word' id='word_1_354' title='bbox 1259 2387 1436 2432; x_wconf 83' lang='lat' dir='ltr'><strong>sacrari</strong></span> <span class='ocrx_word' id='word_1_355' title='bbox 1463 2387 1527 2431; x_wconf 90' lang='lat' dir='ltr'><strong>L.-</strong></span> <span class='ocrx_word' id='word_1_356' title='bbox 1557 2401 1689 2433; x_wconf 84' lang='lat' dir='ltr'><strong>saera</strong></span> 
     </span>
    </p>

    <p class='ocr_par' dir='ltr' id='par_1_13' title="bbox 132 2449 1832 2584">
     <span class='ocr_line' id='line_1_32' title="bbox 272 2449 1832 2515; baseline 0 -14"><span class='ocrx_word' id='word_1_357' title='bbox 272 2450 364 2512; x_wconf 86' lang='lat'><strong>38,</strong></span> <span class='ocrx_word' id='word_1_358' title='bbox 401 2459 430 2503; x_wconf 85' lang='lat'>8</span> <span class='ocrx_word' id='word_1_359' title='bbox 462 2455 773 2514; x_wconf 88' lang='lat' dir='ltr'><strong>posteriorum</strong></span> <span class='ocrx_word' id='word_1_360' title='bbox 817 2449 824 2515; x_wconf 93' lang='grc' dir='ltr'>Ι</span> <span class='ocrx_word' id='word_1_361' title='bbox 868 2462 922 2503; x_wconf 93' lang='grc'><strong>10</strong></span> <span class='ocrx_word' id='word_1_362' title='bbox 957 2460 1003 2499; x_wconf 86' lang='lat' dir='ltr'><strong>et</strong></span> <span class='ocrx_word' id='word_1_363' title='bbox 1042 2456 1156 2500; x_wconf 89' lang='lat' dir='ltr'><strong>deos</strong></span> <span class='ocrx_word' id='word_1_364' title='bbox 1189 2461 1235 2499; x_wconf 88' lang='lat' dir='ltr'><strong>et</strong></span> <span class='ocrx_word' id='word_1_365' title='bbox 1262 2457 1377 2501; x_wconf 90' lang='lat' dir='ltr'><strong>deos</strong></span> <span class='ocrx_word' id='word_1_366' title='bbox 1405 2457 1534 2500; x_wconf 82' lang='lat' dir='ltr'><strong>cod..·</strong></span> <span class='ocrx_word' id='word_1_367' title='bbox 1564 2458 1756 2501; x_wconf 80' lang='lat' dir='ltr'><strong>alterum</strong></span> <span class='ocrx_word' id='word_1_368' title='bbox 1785 2462 1832 2501; x_wconf 88' lang='lat' dir='ltr'><strong>et</strong></span> 
     </span>
     <span class='ocr_line' id='line_1_33' title="bbox 132 2523 1578 2584; baseline 0 -16"><span class='ocrx_word' id='word_1_369' title='bbox 132 2523 247 2568; x_wconf 88' lang='lat' dir='ltr'><strong>deos</strong></span> <span class='ocrx_word' id='word_1_370' title='bbox 272 2524 357 2568; x_wconf 85' lang='lat' dir='ltr'><strong>del.</strong></span> <span class='ocrx_word' id='word_1_371' title='bbox 381 2523 444 2580; x_wconf 91' lang='lat' dir='ltr'><strong><em>P,</em></strong></span> <span class='ocrx_word' id='word_1_372' title='bbox 472 2529 577 2568; x_wconf 78' lang='lat' dir='ltr'><strong>ante</strong></span> <span class='ocrx_word' id='word_1_373' title='bbox 603 2537 733 2582; x_wconf 79' lang='lat' dir='ltr'><strong>quem</strong></span> <span class='ocrx_word' id='word_1_374' title='bbox 761 2529 806 2568; x_wconf 90' lang='lat' dir='ltr'><strong>et</strong></span> <span class='ocrx_word' id='word_1_375' title='bbox 836 2525 949 2569; x_wconf 89' lang='lat' dir='ltr'><strong>deos</strong></span> <span class='ocrx_word' id='word_1_376' title='bbox 981 2529 1026 2568; x_wconf 89' lang='lat' dir='ltr'><strong>et</strong></span> <span class='ocrx_word' id='word_1_377' title='bbox 1052 2525 1163 2570; x_wconf 88' lang='lat' dir='ltr'><strong>deas</strong></span> <span class='ocrx_word' id='word_1_378' title='bbox 1190 2525 1317 2584; x_wconf 86' lang='lat' dir='ltr'><strong>ipsas</strong></span> <span class='ocrx_word' id='word_1_379' title='bbox 1348 2525 1578 2583; x_wconf 72' lang='lat' dir='ltr'><strong>leyebatur</strong></span> 
     </span>
    </p>

    <p class='ocr_par' dir='ltr' id='par_1_14' title="bbox 272 2586 928 2655">
     <span class='ocr_line' id='line_1_34' title="bbox 272 2586 928 2655; baseline -0.003 -16"><span class='ocrx_word' id='word_1_380' title='bbox 272 2589 366 2649; x_wconf 87' lang='lat'><strong><em>39,</em></strong></span> <span class='ocrx_word' id='word_1_381' title='bbox 403 2597 430 2640; x_wconf 89' lang='lat'><strong>7</strong></span> <span class='ocrx_word' id='word_1_382' title='bbox 458 2592 714 2651; x_wconf 84' lang='lat' dir='ltr'><strong>principem</strong></span> <span class='ocrx_word' id='word_1_383' title='bbox 746 2586 753 2655; x_wconf 96' lang='grc' dir='ltr'>Ι</span> <span class='ocrx_word' id='word_1_384' title='bbox 785 2598 812 2640; x_wconf 87' lang='grc'>9</span> <span class='ocrx_word' id='word_1_385' title='bbox 838 2606 928 2650; x_wconf 92' lang='lat' dir='ltr'><strong>quo</strong></span> 
     </span>
    </p>

    <p class='ocr_par' dir='ltr' id='par_1_15' title="bbox 133 2655 1829 2849">
     <span class='ocr_line' id='line_1_35' title="bbox 271 2655 1829 2725; baseline 0 -18"><span class='ocrx_word' id='word_1_386' title='bbox 271 2659 368 2718; x_wconf 87' lang='grc'><strong>40,</strong></span> <span class='ocrx_word' id='word_1_387' title='bbox 404 2667 429 2708; x_wconf 85' lang='grc'>5</span> <span class='ocrx_word' id='word_1_388' title='bbox 456 2661 698 2718; x_wconf 88' lang='lat' dir='ltr'><strong>dirigenda</strong></span> <span class='ocrx_word' id='word_1_389' title='bbox 727 2663 771 2706; x_wconf 91' lang='lat' dir='ltr'><em>B</em></span> <span class='ocrx_word' id='word_1_390' title='bbox 802 2655 815 2725; x_wconf 89' lang='grc' dir='ltr'>Ι</span> <span class='ocrx_word' id='word_1_391' title='bbox 846 2666 901 2710; x_wconf 84' lang='grc'><strong>18</strong></span> <span class='ocrx_word' id='word_1_392' title='bbox 925 2662 1192 2720; x_wconf 89' lang='lat' dir='ltr'><strong>maioreque</strong></span> <span class='ocrx_word' id='word_1_393' title='bbox 1225 2656 1232 2725; x_wconf 94' lang='grc' dir='ltr'>Ι</span> <span class='ocrx_word' id='word_1_394' title='bbox 1266 2668 1322 2709; x_wconf 90' lang='grc'><strong>20</strong></span> <span class='ocrx_word' id='word_1_395' title='bbox 1357 2662 1547 2706; x_wconf 81' lang='lat' dir='ltr'><strong>invitum</strong></span> <span class='ocrx_word' id='word_1_396' title='bbox 1573 2661 1644 2705; x_wconf 84' lang='lat' dir='ltr'><strong>H.-</strong></span> <span class='ocrx_word' id='word_1_397' title='bbox 1683 2662 1829 2707; x_wconf 88' lang='lat' dir='ltr'><strong>inuite</strong></span> 
     </span>
     <span class='ocr_line' id='line_1_36' title="bbox 133 2724 1824 2794; baseline 0.001 -20"><span class='ocrx_word' id='word_1_398' title='bbox 133 2741 195 2774; x_wconf 79' lang='lat' dir='ltr'><strong>ex</strong></span> <span class='ocrx_word' id='word_1_399' title='bbox 220 2731 546 2775; x_wconf 82' lang='lat' dir='ltr'><strong>adsimilatione</strong></span> <span class='ocrx_word' id='word_1_400' title='bbox 565 2735 670 2787; x_wconf 80' lang='lat' dir='ltr'><strong>post</strong></span> <span class='ocrx_word' id='word_1_401' title='bbox 698 2735 743 2775; x_wconf 89' lang='lat' dir='ltr'><strong>te</strong></span> <span class='ocrx_word' id='word_1_402' title='bbox 770 2727 943 2790; x_wconf 88' lang='lat' dir='ltr'><strong>(invito</strong></span> <span class='ocrx_word' id='word_1_403' title='bbox 969 2728 1038 2790; x_wconf 91' lang='lat' dir='ltr'><strong>B)</strong></span> <span class='ocrx_word' id='word_1_404' title='bbox 1085 2724 1093 2794; x_wconf 94' lang='grc' dir='ltr'>Ι</span> <span class='ocrx_word' id='word_1_405' title='bbox 1133 2735 1187 2778; x_wconf 90' lang='grc'><strong>21</strong></span> <span class='ocrx_word' id='word_1_406' title='bbox 1215 2732 1448 2788; x_wconf 88' lang='lat' dir='ltr'><strong>longeque</strong></span> <span class='ocrx_word' id='word_1_407' title='bbox 1475 2730 1520 2774; x_wconf 87' lang='lat' dir='ltr'><em>R</em></span> <span class='ocrx_word' id='word_1_408' title='bbox 1538 2750 1550 2774; x_wconf 88' lang='lat'><strong>.·</strong></span> <span class='ocrx_word' id='word_1_409' title='bbox 1588 2731 1787 2789; x_wconf 86' lang='lat' dir='ltr'><strong>legeque</strong></span> <span class='ocrx_word' id='word_1_410' title='bbox 1818 2724 1824 2793; x_wconf 95' lang='grc' dir='ltr'>Ι</span> 
     </span>
     <span class='ocr_line' id='line_1_37' title="bbox 133 2799 1521 2849; baseline -0.001 -4"><span class='ocrx_word' id='word_1_411' title='bbox 133 2802 188 2846; x_wconf 83' lang='lat'><strong>25</strong></span> <span class='ocrx_word' id='word_1_412' title='bbox 214 2799 561 2845; x_wconf 83' lang='lat' dir='ltr'><strong>destraheretur</strong></span> <span class='ocrx_word' id='word_1_413' title='bbox 1516 2843 1521 2849; x_wconf 79' lang='grc'>,</span> 
     </span>
    </p>

    <p class='ocr_par' dir='ltr' id='par_1_16' title="bbox 273 2862 1827 2931">
     <span class='ocr_line' id='line_1_38' title="bbox 273 2862 1827 2931; baseline -0.001 -20"><span class='ocrx_word' id='word_1_414' title='bbox 273 2864 367 2925; x_wconf 86' lang='grc'><strong>41,</strong></span> <span class='ocrx_word' id='word_1_415' title='bbox 408 2875 427 2916; x_wconf 92' lang='grc'><strong>1</strong></span> <span class='ocrx_word' id='word_1_416' title='bbox 464 2869 554 2913; x_wconf 89' lang='lat' dir='ltr'><strong>iam</strong></span> <span class='ocrx_word' id='word_1_417' title='bbox 580 2868 674 2912; x_wconf 83' lang='lat' dir='ltr'><strong>Fa.-</strong></span> <span class='ocrx_word' id='word_1_418' title='bbox 711 2873 800 2912; x_wconf 78' lang='lat' dir='ltr'><strong>tam</strong></span> <span class='ocrx_word' id='word_1_419' title='bbox 843 2863 850 2930; x_wconf 93' lang='grc' dir='ltr'>Ι</span> <span class='ocrx_word' id='word_1_420' title='bbox 894 2875 919 2916; x_wconf 85' lang='grc'>5</span> <span class='ocrx_word' id='word_1_421' title='bbox 950 2867 1097 2912; x_wconf 87' lang='lat' dir='ltr'><strong>elexit</strong></span> <span class='ocrx_word' id='word_1_422' title='bbox 1139 2862 1147 2931; x_wconf 95' lang='grc' dir='ltr'>Ι</span> <span class='ocrx_word' id='word_1_423' title='bbox 1191 2875 1247 2915; x_wconf 90' lang='grc'><strong>10</strong></span> <span class='ocrx_word' id='word_1_424' title='bbox 1272 2869 1545 2913; x_wconf 84' lang='lat' dir='ltr'><strong>salutantum</strong></span> <span class='ocrx_word' id='word_1_425' title='bbox 1577 2873 1684 2912; x_wconf 78' lang='lat' dir='ltr'><strong>teste</strong></span> <span class='ocrx_word' id='word_1_426' title='bbox 1711 2866 1827 2911; x_wconf 80' lang='lat' dir='ltr'><strong>Belc-</strong></span> 
     </span>
    </p>
   </div>
   <div class='ocr_carea' id='block_1_3' title="bbox 133 2933 1827 3049">
    <p class='ocr_par' dir='ltr' id='par_1_17' title="bbox 133 2933 1827 3049">
     <span class='ocr_line' id='line_1_39' title="bbox 133 2933 1827 3049; baseline -0.001 -69"><span class='ocrx_word' id='word_1_427' title='bbox 133 2933 270 2989; x_wconf 81' lang='lat' dir='ltr'><strong>kero‚</strong></span> <span class='ocrx_word' id='word_1_428' title='bbox 298 2942 347 2981; x_wconf 84' lang='lat' dir='ltr'><strong>ut</strong></span> <span class='ocrx_word' id='word_1_429' title='bbox 382 2942 436 2994; x_wconf 82' lang='lat'><strong><em>4,</em></strong></span> <span class='ocrx_word' id='word_1_430' title='bbox 472 2941 528 2985; x_wconf 85' lang='lat'><strong>12</strong></span> <span class='ocrx_word' id='word_1_431' title='bbox 560 2938 816 2994; x_wconf 84' lang='lat' dir='ltr'><strong>dolentum,</strong></span> <span class='ocrx_word' id='word_1_432' title='bbox 856 2941 911 2994; x_wconf 90' lang='lat'><strong><em>6,</em></strong></span> <span class='ocrx_word' id='word_1_433' title='bbox 938 2943 994 2984; x_wconf 84' lang='lat'><strong>50</strong></span> <span class='ocrx_word' id='word_1_434' title='bbox 1019 2942 1304 2995; x_wconf 83' lang='lat' dir='ltr'><strong>gratantum,</strong></span> <span class='ocrx_word' id='word_1_435' title='bbox 1345 2942 1506 3049; x_wconf 55' lang='grc' dir='ltr'><strong>11ἐξ2</strong></span> <span class='ocrx_word' id='word_1_436' title='bbox 1536 2937 1827 2992; x_wconf 85' lang='lat' dir='ltr'><strong>salutantum,</strong></span> 
     </span>
    </p>
   </div>
  </div>
 </body>
</html>
