<?xml version="1.0" encoding="UTF-8"?>
<!DOCTYPE html PUBLIC "-//W3C//DTD XHTML 1.0 Transitional//EN"
    "http://www.w3.org/TR/xhtml1/DTD/xhtml1-transitional.dtd">
<html xmlns="http://www.w3.org/1999/xhtml" xml:lang="en" lang="en">
 <head>
  <title>
</title>
<meta http-equiv="Content-Type" content="text/html;charset=utf-8" />
  <meta name='ocr-system' content='tesseract 3.04.00' />
  <meta name='ocr-capabilities' content='ocr_page ocr_carea ocr_par ocr_line ocrx_word'/>
</head>
<body>
  <div class='ocr_page' id='page_1' title='image "./libriquisupersun01taciuoft_0370.png"; bbox 0 0 1976 3224; ppageno 0'>
   <div class='ocr_carea' id='block_1_1' title="bbox 219 147 1474 197">
    <p class='ocr_par' dir='ltr' id='par_1_1' title="bbox 219 147 1474 197">
     <span class='ocr_line' id='line_1_1' title="bbox 219 147 1474 197; baseline -0.001 0"><span class='ocrx_word' id='word_1_1' title='bbox 219 147 321 197; x_wconf 87' lang='lat'><strong>312</strong></span> <span class='ocrx_word' id='word_1_2' title='bbox 655 156 931 195; x_wconf 80' lang='lat' dir='ltr'>CORNELII</span> <span class='ocrx_word' id='word_1_3' title='bbox 954 157 1147 196; x_wconf 67' lang='lat' dir='ltr'><strong>&#39;morri</strong></span> <span class='ocrx_word' id='word_1_4' title='bbox 1170 159 1474 196; x_wconf 68' lang='lat' dir='ltr'><strong>ANNALmM</strong></span> 
     </span>
    </p>
   </div>
   <div class='ocr_carea' id='block_1_2' title="bbox 154 284 1945 2928">
    <p class='ocr_par' dir='ltr' id='par_1_2' title="bbox 157 284 1891 1536">
     <span class='ocr_line' id='line_1_2' title="bbox 217 284 1889 350; baseline 0.002 -16"><span class='ocrx_word' id='word_1_5' title='bbox 217 285 402 334; x_wconf 87' lang='lat' dir='ltr'><strong>facinus</strong></span> <span class='ocrx_word' id='word_1_6' title='bbox 431 284 843 342; x_wconf 89' lang='lat' dir='ltr'><strong>consociaturum;</strong></span> <span class='ocrx_word' id='word_1_7' title='bbox 882 285 1018 348; x_wconf 90' lang='lat' dir='ltr'><strong>dein,</strong></span> <span class='ocrx_word' id='word_1_8' title='bbox 1059 294 1311 350; x_wconf 79' lang='lat' dir='ltr'>postquam</span> <span class='ocrx_word' id='word_1_9' title='bbox 1341 287 1657 350; x_wconf 83' lang='lat' dir='ltr'><strong>urguebatur,</strong></span> <span class='ocrx_word' id='word_1_10' title='bbox 1698 289 1889 337; x_wconf 85' lang='lat' dir='ltr'><strong>confes-</strong></span> 
     </span>
     <span class='ocr_line' id='line_1_3' title="bbox 177 353 1891 422; baseline 0.003 -21"><span class='ocrx_word' id='word_1_11' title='bbox 177 369 198 401; x_wconf 85' lang='lat'><strong>5</strong></span> <span class='ocrx_word' id='word_1_12' title='bbox 218 355 366 404; x_wconf 90' lang='lat' dir='ltr'><strong>sionis</strong></span> <span class='ocrx_word' id='word_1_13' title='bbox 392 353 597 416; x_wconf 83' lang='lat' dir='ltr'>gloriam</span> <span class='ocrx_word' id='word_1_14' title='bbox 622 355 892 420; x_wconf 82' lang='lat' dir='ltr'><strong>amplexuS.</strong></span> <span class='ocrx_word' id='word_1_15' title='bbox 944 356 1368 421; x_wconf 82' lang='lat' dir='ltr'><strong>interrogatusque</strong></span> <span class='ocrx_word' id='word_1_16' title='bbox 1405 371 1431 405; x_wconf 91' lang='lat' dir='ltr'><strong>a</strong></span> <span class='ocrx_word' id='word_1_17' title='bbox 1457 356 1652 406; x_wconf 86' lang='lat' dir='ltr'><strong>Nerone</strong></span> <span class='ocrx_word' id='word_1_18' title='bbox 1668 394 1682 420; x_wconf 94' lang='lat'><strong>,</strong></span> <span class='ocrx_word' id='word_1_19' title='bbox 1719 357 1891 422; x_wconf 87' lang='lat' dir='ltr'><strong>quibus</strong></span> 
     </span>
     <span class='ocr_line' id='line_1_4' title="bbox 217 422 1890 490; baseline 0.001 -16"><span class='ocrx_word' id='word_1_20' title='bbox 217 424 376 474; x_wconf 88' lang='lat' dir='ltr'><strong>causis</strong></span> <span class='ocrx_word' id='word_1_21' title='bbox 414 423 474 471; x_wconf 88' lang='lat' dir='ltr'><strong>ad</strong></span> <span class='ocrx_word' id='word_1_22' title='bbox 511 422 807 474; x_wconf 87' lang='lat' dir='ltr'><strong>oblivionem</strong></span> <span class='ocrx_word' id='word_1_23' title='bbox 842 427 1129 474; x_wconf 84' lang='lat' dir='ltr'><strong>sacramenti</strong></span> <span class='ocrx_word' id='word_1_24' title='bbox 1167 427 1521 490; x_wconf 84' lang='lat' dir='ltr'><strong>processisset,</strong></span> <span class='ocrx_word' id='word_1_25' title='bbox 1562 426 1790 476; x_wconf 77' lang='lat' dir='ltr'><strong>‘oderam</strong></span> <span class='ocrx_word' id='word_1_26' title='bbox 1812 430 1890 476; x_wconf 88' lang='lat' dir='ltr'><strong>te&#39;</strong></span> 
     </span>
     <span class='ocr_line' id='line_1_5' title="bbox 215 494 1891 560; baseline 0.001 -17"><span class='ocrx_word' id='word_1_27' title='bbox 215 494 393 558; x_wconf 89' lang='lat' dir='ltr'><strong>inquit,</strong></span> <span class='ocrx_word' id='word_1_28' title='bbox 436 495 559 541; x_wconf 77' lang='lat' dir='ltr'><strong>‘nec</strong></span> <span class='ocrx_word' id='word_1_29' title='bbox 594 495 842 559; x_wconf 90' lang='lat' dir='ltr'><strong>quisquam</strong></span> <span class='ocrx_word' id='word_1_30' title='bbox 879 494 964 543; x_wconf 91' lang='lat' dir='ltr'><strong>tibi</strong></span> <span class='ocrx_word' id='word_1_31' title='bbox 999 494 1188 544; x_wconf 84' lang='lat' dir='ltr'><strong>fidelior</strong></span> <span class='ocrx_word' id='word_1_32' title='bbox 1225 496 1422 544; x_wconf 90' lang='lat' dir='ltr'><strong>militum</strong></span> <span class='ocrx_word' id='word_1_33' title='bbox 1457 496 1566 560; x_wconf 83' lang='lat' dir='ltr'><strong>fuit,</strong></span> <span class='ocrx_word' id='word_1_34' title='bbox 1602 496 1710 546; x_wconf 89' lang='lat' dir='ltr'><strong>dum</strong></span> <span class='ocrx_word' id='word_1_35' title='bbox 1745 497 1891 547; x_wconf 86' lang='lat' dir='ltr'><strong>amari</strong></span> 
     </span>
     <span class='ocr_line' id='line_1_6' title="bbox 215 561 1889 630; baseline 0.001 -17"><span class='ocrx_word' id='word_1_36' title='bbox 215 562 447 613; x_wconf 89' lang='lat' dir='ltr'><strong>meruisti.</strong></span> <span class='ocrx_word' id='word_1_37' title='bbox 499 561 663 612; x_wconf 91' lang='lat' dir='ltr'><strong>odisse</strong></span> <span class='ocrx_word' id='word_1_38' title='bbox 704 566 875 630; x_wconf 91' lang='lat' dir='ltr'><strong>coepi,</strong></span> <span class='ocrx_word' id='word_1_39' title='bbox 923 572 1176 629; x_wconf 85' lang='lat' dir='ltr'><strong>postquam</strong></span> <span class='ocrx_word' id='word_1_40' title='bbox 1213 565 1451 630; x_wconf 91' lang='lat' dir='ltr'><strong>parricida</strong></span> <span class='ocrx_word' id='word_1_41' title='bbox 1491 567 1652 615; x_wconf 86' lang='lat' dir='ltr'><strong>matris</strong></span> <span class='ocrx_word' id='word_1_42' title='bbox 1687 574 1735 615; x_wconf 92' lang='lat' dir='ltr'><strong>et</strong></span> <span class='ocrx_word' id='word_1_43' title='bbox 1772 581 1889 616; x_wconf 86' lang='lat' dir='ltr'><strong>uxo·</strong></span> 
     </span>
     <span class='ocr_line' id='line_1_7' title="bbox 216 633 1891 702; baseline 0.001 -20"><span class='ocrx_word' id='word_1_44' title='bbox 216 636 311 697; x_wconf 83' lang='lat' dir='ltr'><strong>riS,</strong></span> <span class='ocrx_word' id='word_1_45' title='bbox 338 634 518 702; x_wconf 21' lang='lat' dir='ltr'><strong>*auriga</strong></span> <span class='ocrx_word' id='word_1_46' title='bbox 554 640 602 682; x_wconf 92' lang='lat' dir='ltr'><strong>et</strong></span> <span class='ocrx_word' id='word_1_47' title='bbox 639 633 809 684; x_wconf 90' lang='lat' dir='ltr'><strong>histrio</strong></span> <span class='ocrx_word' id='word_1_48' title='bbox 850 641 898 683; x_wconf 92' lang='lat' dir='ltr'><strong>et</strong></span> <span class='ocrx_word' id='word_1_49' title='bbox 931 634 1252 684; x_wconf 83' lang='lat' dir='ltr'><strong>incendiarius</strong></span> <span class='ocrx_word' id='word_1_50' title='bbox 1296 637 1530 685; x_wconf 68' lang='lat' dir='ltr'><strong>extitisti?</strong></span> <span class='ocrx_word' id='word_1_51' title='bbox 1587 637 1692 700; x_wconf 90' lang='lat' dir='ltr'><strong>ipsa</strong></span> <span class='ocrx_word' id='word_1_52' title='bbox 1729 635 1891 685; x_wconf 89' lang='lat' dir='ltr'><strong>rettuli</strong></span> 
     </span>
     <span class='ocr_line' id='line_1_8' title="bbox 159 703 1890 769; baseline 0.002 -18"><span class='ocrx_word' id='word_1_53' title='bbox 159 715 202 751; x_wconf 88' lang='lat'><strong>10</strong></span> <span class='ocrx_word' id='word_1_54' title='bbox 219 703 395 766; x_wconf 86' lang='lat' dir='ltr'><strong>verba,</strong></span> <span class='ocrx_word' id='word_1_55' title='bbox 446 705 554 768; x_wconf 89' lang='lat' dir='ltr'><strong>quia</strong></span> <span class='ocrx_word' id='word_1_56' title='bbox 593 716 716 766; x_wconf 90' lang='lat' dir='ltr'><strong>non,</strong></span> <span class='ocrx_word' id='word_1_57' title='bbox 766 711 815 752; x_wconf 91' lang='lat' dir='ltr'><strong>ut</strong></span> <span class='ocrx_word' id='word_1_58' title='bbox 860 704 1108 768; x_wconf 80' lang='lat' dir='ltr'><strong>Senecae,</strong></span> <span class='ocrx_word' id='word_1_59' title='bbox 1155 705 1353 768; x_wconf 88' lang='lat' dir='ltr'><strong>volgata</strong></span> <span class='ocrx_word' id='word_1_60' title='bbox 1398 714 1561 769; x_wconf 87' lang='lat' dir='ltr'><strong>erant,</strong></span> <span class='ocrx_word' id='word_1_61' title='bbox 1609 722 1701 755; x_wconf 88' lang='lat' dir='ltr'><strong>nec</strong></span> <span class='ocrx_word' id='word_1_62' title='bbox 1737 707 1890 754; x_wconf 90' lang='lat' dir='ltr'><strong>minus</strong></span> 
     </span>
     <span class='ocr_line' id='line_1_9' title="bbox 215 772 1888 840; baseline 0 -17"><span class='ocrx_word' id='word_1_63' title='bbox 215 774 355 823; x_wconf 89' lang='lat' dir='ltr'><strong>nosci</strong></span> <span class='ocrx_word' id='word_1_64' title='bbox 383 772 591 822; x_wconf 88' lang='lat' dir='ltr'><strong>decebat</strong></span> <span class='ocrx_word' id='word_1_65' title='bbox 616 773 833 822; x_wconf 89' lang='lat' dir='ltr'><strong>militaris</strong></span> <span class='ocrx_word' id='word_1_66' title='bbox 868 775 959 822; x_wconf 87' lang='lat' dir='ltr'><strong>viri</strong></span> <span class='ocrx_word' id='word_1_67' title='bbox 986 789 1157 824; x_wconf 89' lang='lat' dir='ltr'><strong>sensus</strong></span> <span class='ocrx_word' id='word_1_68' title='bbox 1183 775 1453 840; x_wconf 91' lang='lat' dir='ltr'><strong>incomptos</strong></span> <span class='ocrx_word' id='word_1_69' title='bbox 1481 783 1530 824; x_wconf 89' lang='lat' dir='ltr'><strong>et</strong></span> <span class='ocrx_word' id='word_1_70' title='bbox 1565 775 1768 825; x_wconf 72' lang='lat' dir='ltr'><strong>validos,</strong></span> <span class='ocrx_word' id='word_1_71' title='bbox 1821 776 1888 823; x_wconf 91' lang='lat' dir='ltr'><strong>ni·</strong></span> 
     </span>
     <span class='ocr_line' id='line_1_10' title="bbox 215 842 1889 907; baseline -0.001 -13"><span class='ocrx_word' id='word_1_72' title='bbox 215 844 283 894; x_wconf 88' lang='lat' dir='ltr'><strong>hil</strong></span> <span class='ocrx_word' id='word_1_73' title='bbox 322 844 371 893; x_wconf 91' lang='lat' dir='ltr'><strong>in</strong></span> <span class='ocrx_word' id='word_1_74' title='bbox 421 842 504 892; x_wconf 88' lang='lat' dir='ltr'><strong>illa</strong></span> <span class='ocrx_word' id='word_1_75' title='bbox 551 844 882 893; x_wconf 90' lang='lat' dir='ltr'><strong>coniuratione</strong></span> <span class='ocrx_word' id='word_1_76' title='bbox 926 845 1123 907; x_wconf 85' lang='lat' dir='ltr'><strong>gravius</strong></span> <span class='ocrx_word' id='word_1_77' title='bbox 1166 845 1359 894; x_wconf 84' lang='lat' dir='ltr'><strong>auribus</strong></span> <span class='ocrx_word' id='word_1_78' title='bbox 1400 844 1609 894; x_wconf 89' lang='lat' dir='ltr'><strong>Neronis</strong></span> <span class='ocrx_word' id='word_1_79' title='bbox 1649 844 1889 895; x_wconf 90' lang='lat' dir='ltr'><strong>accidisse</strong></span> 
     </span>
     <span class='ocr_line' id='line_1_11' title="bbox 218 913 1890 979; baseline 0 -17"><span class='ocrx_word' id='word_1_80' title='bbox 218 914 456 976; x_wconf 90' lang='lat' dir='ltr'><strong>constitit,</strong></span> <span class='ocrx_word' id='word_1_81' title='bbox 499 914 579 977; x_wconf 88' lang='lat' dir='ltr'><strong>qui</strong></span> <span class='ocrx_word' id='word_1_82' title='bbox 617 920 667 961; x_wconf 91' lang='lat' dir='ltr'><strong>ut</strong></span> <span class='ocrx_word' id='word_1_83' title='bbox 702 913 935 962; x_wconf 83' lang='lat' dir='ltr'><strong>faciendis</strong></span> <span class='ocrx_word' id='word_1_84' title='bbox 963 914 1232 963; x_wconf 89' lang='lat' dir='ltr'><strong>sceleribus</strong></span> <span class='ocrx_word' id='word_1_85' title='bbox 1264 922 1539 979; x_wconf 87' lang='lat' dir='ltr'><strong>promptus,</strong></span> <span class='ocrx_word' id='word_1_86' title='bbox 1578 916 1642 964; x_wconf 90' lang='lat' dir='ltr'><strong>ita</strong></span> <span class='ocrx_word' id='word_1_87' title='bbox 1669 913 1890 964; x_wconf 87' lang='lat' dir='ltr'><strong>audiendi</strong></span> 
     </span>
     <span class='ocr_line' id='line_1_12' title="bbox 218 982 1888 1049; baseline 0 -17"><span class='ocrx_word' id='word_1_88' title='bbox 218 998 340 1049; x_wconf 90' lang='lat' dir='ltr'><strong>quae</strong></span> <span class='ocrx_word' id='word_1_89' title='bbox 379 984 568 1032; x_wconf 82' lang='lat' dir='ltr'><strong>faceret</strong></span> <span class='ocrx_word' id='word_1_90' title='bbox 598 982 814 1032; x_wconf 92' lang='lat' dir='ltr'><strong>insolens</strong></span> <span class='ocrx_word' id='word_1_91' title='bbox 851 991 970 1032; x_wconf 89' lang='lat' dir='ltr'><strong>erat.</strong></span> <span class='ocrx_word' id='word_1_92' title='bbox 1025 997 1182 1047; x_wconf 90' lang='lat' dir='ltr'><strong>poena</strong></span> <span class='ocrx_word' id='word_1_93' title='bbox 1216 983 1353 1033; x_wconf 88' lang='lat' dir='ltr'><strong>Flavi</strong></span> <span class='ocrx_word' id='word_1_94' title='bbox 1389 986 1593 1034; x_wconf 88' lang='lat' dir='ltr'><strong>Veianio</strong></span> <span class='ocrx_word' id='word_1_95' title='bbox 1618 984 1773 1049; x_wconf 84' lang='lat' dir='ltr'><strong>Nigro</strong></span> <span class='ocrx_word' id='word_1_96' title='bbox 1808 986 1888 1033; x_wconf 89' lang='lat' dir='ltr'><strong>tri-</strong></span> 
     </span>
     <span class='ocr_line' id='line_1_13' title="bbox 159 1051 1888 1118; baseline -0.001 -15"><span class='ocrx_word' id='word_1_97' title='bbox 159 1063 199 1097; x_wconf 85' lang='lat'><strong>15</strong></span> <span class='ocrx_word' id='word_1_98' title='bbox 216 1053 345 1103; x_wconf 90' lang='lat' dir='ltr'><strong>buno</strong></span> <span class='ocrx_word' id='word_1_99' title='bbox 384 1051 646 1105; x_wconf 85' lang='lat' dir='ltr'><strong>mandatur.</strong></span> <span class='ocrx_word' id='word_1_100' title='bbox 706 1054 748 1101; x_wconf 91' lang='lat' dir='ltr'><strong>is</strong></span> <span class='ocrx_word' id='word_1_101' title='bbox 780 1055 1002 1118; x_wconf 85' lang='lat' dir='ltr'><strong>proximo</strong></span> <span class='ocrx_word' id='word_1_102' title='bbox 1037 1053 1085 1101; x_wconf 92' lang='lat' dir='ltr'><strong>in</strong></span> <span class='ocrx_word' id='word_1_103' title='bbox 1128 1068 1248 1117; x_wconf 87' lang='lat' dir='ltr'><strong>agro</strong></span> <span class='ocrx_word' id='word_1_104' title='bbox 1285 1053 1511 1104; x_wconf 85' lang='lat' dir='ltr'><strong>scrobem</strong></span> <span class='ocrx_word' id='word_1_105' title='bbox 1549 1054 1694 1104; x_wconf 85' lang='lat' dir='ltr'><strong>effodi</strong></span> <span class='ocrx_word' id='word_1_106' title='bbox 1733 1055 1888 1116; x_wconf 89' lang='lat' dir='ltr'><strong>iussit,</strong></span> 
     </span>
     <span class='ocr_line' id='line_1_14' title="bbox 216 1121 1887 1188; baseline -0.001 -16"><span class='ocrx_word' id='word_1_107' title='bbox 216 1138 356 1188; x_wconf 89' lang='lat' dir='ltr'><strong>quam</strong></span> <span class='ocrx_word' id='word_1_108' title='bbox 396 1122 548 1170; x_wconf 92' lang='lat' dir='ltr'><strong>visam</strong></span> <span class='ocrx_word' id='word_1_109' title='bbox 582 1121 761 1171; x_wconf 91' lang='lat' dir='ltr'><strong>Flavus</strong></span> <span class='ocrx_word' id='word_1_110' title='bbox 798 1129 848 1171; x_wconf 92' lang='lat' dir='ltr'><strong>ut</strong></span> <span class='ocrx_word' id='word_1_111' title='bbox 877 1122 1103 1171; x_wconf 90' lang='lat' dir='ltr'><strong>humilem</strong></span> <span class='ocrx_word' id='word_1_112' title='bbox 1130 1131 1177 1172; x_wconf 92' lang='lat' dir='ltr'><strong>et</strong></span> <span class='ocrx_word' id='word_1_113' title='bbox 1205 1131 1453 1186; x_wconf 91' lang='lat' dir='ltr'><strong>angustam</strong></span> <span class='ocrx_word' id='word_1_114' title='bbox 1483 1125 1769 1188; x_wconf 78' lang='lat' dir='ltr'><strong>increpanS,</strong></span> <span class='ocrx_word' id='word_1_115' title='bbox 1798 1125 1887 1172; x_wconf 91' lang='lat' dir='ltr'><strong>cir-</strong></span> 
     </span>
     <span class='ocr_line' id='line_1_15' title="bbox 217 1191 1887 1258; baseline -0.001 -17"><span class='ocrx_word' id='word_1_116' title='bbox 217 1191 559 1241; x_wconf 89' lang='lat' dir='ltr'><strong>cumstantibus</strong></span> <span class='ocrx_word' id='word_1_117' title='bbox 593 1192 844 1256; x_wconf 83' lang='lat' dir='ltr'><strong>militibus,</strong></span> <span class='ocrx_word' id='word_1_118' title='bbox 895 1195 987 1241; x_wconf 77' lang='lat' dir='ltr'><strong>‘ne</strong></span> <span class='ocrx_word' id='word_1_119' title='bbox 1022 1192 1117 1242; x_wconf 93' lang='lat' dir='ltr'><strong>hoc</strong></span> <span class='ocrx_word' id='word_1_120' title='bbox 1153 1192 1374 1258; x_wconf 89' lang='lat' dir='ltr'><strong>quidem’</strong></span> <span class='ocrx_word' id='word_1_121' title='bbox 1419 1194 1572 1258; x_wconf 89' lang='lat' dir='ltr'><strong>inquit</strong></span> <span class='ocrx_word' id='word_1_122' title='bbox 1621 1197 1710 1242; x_wconf 74' lang='lat' dir='ltr'><strong>‘ex</strong></span> <span class='ocrx_word' id='word_1_123' title='bbox 1747 1193 1887 1242; x_wconf 90' lang='lat' dir='ltr'><strong>disci·</strong></span> 
     </span>
     <span class='ocr_line' id='line_1_16' title="bbox 217 1260 1888 1327; baseline 0 -17"><span class='ocrx_word' id='word_1_124' title='bbox 217 1262 384 1327; x_wconf 62' lang='lat' dir='ltr'><strong>plina?</strong></span> <span class='ocrx_word' id='word_1_125' title='bbox 442 1260 807 1327; x_wconf 90' lang='lat' dir='ltr'><strong>admonitusque</strong></span> <span class='ocrx_word' id='word_1_126' title='bbox 835 1262 1027 1311; x_wconf 88' lang='lat' dir='ltr'><strong>fortiter</strong></span> <span class='ocrx_word' id='word_1_127' title='bbox 1055 1262 1348 1327; x_wconf 88' lang='lat' dir='ltr'><strong>protendere</strong></span> <span class='ocrx_word' id='word_1_128' title='bbox 1384 1265 1640 1327; x_wconf 86' lang='lat' dir='ltr'><strong>cervicem,</strong></span> <span class='ocrx_word' id='word_1_129' title='bbox 1667 1264 1888 1312; x_wconf 78' lang='lat' dir='ltr'><strong>‘utinam’</strong></span> 
     </span>
     <span class='ocr_line' id='line_1_17' title="bbox 218 1330 1890 1397; baseline 0 -16"><span class='ocrx_word' id='word_1_130' title='bbox 218 1333 281 1381; x_wconf 88' lang='lat' dir='ltr'><strong>ait</strong></span> <span class='ocrx_word' id='word_1_131' title='bbox 317 1335 396 1380; x_wconf 73' lang='lat' dir='ltr'><strong>‘tu</strong></span> <span class='ocrx_word' id='word_1_132' title='bbox 429 1338 524 1380; x_wconf 90' lang='lat' dir='ltr'><strong>tam</strong></span> <span class='ocrx_word' id='word_1_133' title='bbox 558 1330 752 1380; x_wconf 89' lang='lat' dir='ltr'><strong>fortiter</strong></span> <span class='ocrx_word' id='word_1_134' title='bbox 787 1332 990 1382; x_wconf 77' lang='lat' dir='ltr'><strong>feriasl&#39;</strong></span> <span class='ocrx_word' id='word_1_135' title='bbox 1022 1340 1069 1381; x_wconf 92' lang='lat' dir='ltr'><strong>et</strong></span> <span class='ocrx_word' id='word_1_136' title='bbox 1095 1332 1177 1381; x_wconf 91' lang='lat' dir='ltr'><strong>ille</strong></span> <span class='ocrx_word' id='word_1_137' title='bbox 1203 1333 1395 1381; x_wconf 91' lang='lat' dir='ltr'><strong>multum</strong></span> <span class='ocrx_word' id='word_1_138' title='bbox 1420 1340 1645 1397; x_wconf 89' lang='lat' dir='ltr'><strong>tremens,</strong></span> <span class='ocrx_word' id='word_1_139' title='bbox 1675 1348 1779 1381; x_wconf 91' lang='lat' dir='ltr'><strong>cum</strong></span> <span class='ocrx_word' id='word_1_140' title='bbox 1805 1333 1890 1382; x_wconf 79' lang='lat' dir='ltr'><strong>vix</strong></span> 
     </span>
     <span class='ocr_line' id='line_1_18' title="bbox 157 1399 1887 1468; baseline 0 -17"><span class='ocrx_word' id='word_1_141' title='bbox 157 1418 199 1451; x_wconf 86' lang='lat'><strong>20</strong></span> <span class='ocrx_word' id='word_1_142' title='bbox 219 1400 405 1450; x_wconf 90' lang='lat' dir='ltr'><strong>duobus</strong></span> <span class='ocrx_word' id='word_1_143' title='bbox 441 1399 614 1450; x_wconf 83' lang='lat' dir='ltr'><strong>ictibus</strong></span> <span class='ocrx_word' id='word_1_144' title='bbox 641 1408 784 1467; x_wconf 90' lang='lat' dir='ltr'><strong>caput</strong></span> <span class='ocrx_word' id='word_1_145' title='bbox 809 1403 1175 1467; x_wconf 91' lang='lat' dir='ltr'><strong>amputavisset,</strong></span> <span class='ocrx_word' id='word_1_146' title='bbox 1214 1403 1462 1452; x_wconf 88' lang='lat' dir='ltr'><strong>saevitiam</strong></span> <span class='ocrx_word' id='word_1_147' title='bbox 1490 1403 1613 1468; x_wconf 91' lang='lat' dir='ltr'><strong>apud</strong></span> <span class='ocrx_word' id='word_1_148' title='bbox 1643 1402 1887 1458; x_wconf 84' lang='lat' dir='ltr'><strong>Neronem</strong></span> 
     </span>
     <span class='ocr_line' id='line_1_19' title="bbox 215 1470 1481 1536; baseline 0.001 -17"><span class='ocrx_word' id='word_1_149' title='bbox 215 1472 428 1533; x_wconf 89' lang='lat' dir='ltr'><strong>iactavit,</strong></span> <span class='ocrx_word' id='word_1_150' title='bbox 458 1470 770 1536; x_wconf 83' lang='lat' dir='ltr'><strong>sesquiplaga</strong></span> <span class='ocrx_word' id='word_1_151' title='bbox 798 1472 1100 1520; x_wconf 88' lang='lat' dir='ltr'><strong>interfectum</strong></span> <span class='ocrx_word' id='word_1_152' title='bbox 1127 1488 1152 1522; x_wconf 90' lang='lat' dir='ltr'><strong>a</strong></span> <span class='ocrx_word' id='word_1_153' title='bbox 1181 1487 1235 1521; x_wconf 90' lang='lat' dir='ltr'><strong>se</strong></span> <span class='ocrx_word' id='word_1_154' title='bbox 1260 1471 1481 1521; x_wconf 90' lang='lat' dir='ltr'><strong>dicendo.</strong></span> 
     </span>
    </p>

    <p class='ocr_par' dir='ltr' id='par_1_3' title="bbox 217 1538 1890 1816">
     <span class='ocr_line' id='line_1_20' title="bbox 318 1538 1890 1607; baseline 0.001 -19"><span class='ocrx_word' id='word_1_155' title='bbox 318 1538 402 1604; x_wconf 74' lang='grc'><strong>68.</strong></span> <span class='ocrx_word' id='word_1_156' title='bbox 450 1539 724 1590; x_wconf 89' lang='lat' dir='ltr'><strong>Proximum</strong></span> <span class='ocrx_word' id='word_1_157' title='bbox 772 1542 1073 1591; x_wconf 89' lang='lat' dir='ltr'><strong>constantiae</strong></span> <span class='ocrx_word' id='word_1_158' title='bbox 1123 1542 1394 1606; x_wconf 87' lang='lat' dir='ltr'><strong>exemplum</strong></span> <span class='ocrx_word' id='word_1_159' title='bbox 1438 1542 1678 1607; x_wconf 82' lang='lat' dir='ltr'><strong>Sulpicius</strong></span> <span class='ocrx_word' id='word_1_160' title='bbox 1726 1541 1890 1607; x_wconf 84' lang='lat' dir='ltr'><strong>Asper</strong></span> 
     </span>
     <span class='ocr_line' id='line_1_21' title="bbox 217 1610 1887 1676; baseline -0.001 -16"><span class='ocrx_word' id='word_1_161' title='bbox 217 1610 434 1660; x_wconf 91' lang='lat' dir='ltr'><strong>centurio</strong></span> <span class='ocrx_word' id='word_1_162' title='bbox 472 1611 722 1675; x_wconf 90' lang='lat' dir='ltr'><strong>praebuit,</strong></span> <span class='ocrx_word' id='word_1_163' title='bbox 750 1613 1056 1676; x_wconf 86' lang='lat' dir='ltr'><strong>percontanti</strong></span> <span class='ocrx_word' id='word_1_164' title='bbox 1083 1611 1298 1675; x_wconf 87' lang='lat' dir='ltr'><strong>Neroni,</strong></span> <span class='ocrx_word' id='word_1_165' title='bbox 1342 1613 1495 1660; x_wconf 92' lang='lat' dir='ltr'><strong>curin</strong></span> <span class='ocrx_word' id='word_1_166' title='bbox 1532 1611 1729 1660; x_wconf 89' lang='lat' dir='ltr'><strong>caedem</strong></span> <span class='ocrx_word' id='word_1_167' title='bbox 1756 1625 1887 1659; x_wconf 87' lang='lat' dir='ltr'><strong>suam</strong></span> 
     </span>
     <span class='ocr_line' id='line_1_22' title="bbox 217 1680 1887 1746; baseline -0.002 -16"><span class='ocrx_word' id='word_1_168' title='bbox 217 1681 623 1745; x_wconf 87' lang='lat' dir='ltr'><strong>conspiravisset,</strong></span> <span class='ocrx_word' id='word_1_169' title='bbox 660 1680 876 1730; x_wconf 88' lang='lat' dir='ltr'><strong>breviter</strong></span> <span class='ocrx_word' id='word_1_170' title='bbox 922 1682 1227 1746; x_wconf 88' lang='lat' dir='ltr'><strong>respondens</strong></span> <span class='ocrx_word' id='word_1_171' title='bbox 1272 1695 1367 1729; x_wconf 91' lang='lat' dir='ltr'><strong>non</strong></span> <span class='ocrx_word' id='word_1_172' title='bbox 1408 1681 1547 1729; x_wconf 92' lang='lat' dir='ltr'><strong>aliter</strong></span> <span class='ocrx_word' id='word_1_173' title='bbox 1588 1688 1659 1730; x_wconf 87' lang='lat' dir='ltr'><strong>tot</strong></span> <span class='ocrx_word' id='word_1_174' title='bbox 1694 1680 1887 1744; x_wconf 86' lang='lat' dir='ltr'><strong>flagitiis</strong></span> 
     </span>
     <span class='ocr_line' id='line_1_23' title="bbox 217 1749 1884 1816; baseline 0 -18"><span class='ocrx_word' id='word_1_175' title='bbox 217 1752 320 1799; x_wconf 90' lang='lat' dir='ltr'><strong>eius</strong></span> <span class='ocrx_word' id='word_1_176' title='bbox 346 1749 592 1798; x_wconf 92' lang='lat' dir='ltr'><strong>subveniri</strong></span> <span class='ocrx_word' id='word_1_177' title='bbox 624 1752 859 1814; x_wconf 90' lang='lat' dir='ltr'><strong>potuisse.</strong></span> <span class='ocrx_word' id='word_1_178' title='bbox 913 1758 1009 1799; x_wconf 92' lang='lat' dir='ltr'><strong>tum</strong></span> <span class='ocrx_word' id='word_1_179' title='bbox 1043 1753 1218 1800; x_wconf 90' lang='lat' dir='ltr'><strong>iussam</strong></span> <span class='ocrx_word' id='word_1_180' title='bbox 1247 1765 1451 1816; x_wconf 90' lang='lat' dir='ltr'><strong>poenam</strong></span> <span class='ocrx_word' id='word_1_181' title='bbox 1479 1750 1637 1799; x_wconf 90' lang='lat' dir='ltr'><strong>subiit.</strong></span> <span class='ocrx_word' id='word_1_182' title='bbox 1685 1765 1779 1799; x_wconf 92' lang='lat' dir='ltr'><strong>nec</strong></span> <span class='ocrx_word' id='word_1_183' title='bbox 1805 1764 1884 1798; x_wconf 89' lang='lat' dir='ltr'><strong>ce·</strong></span> 
     </span>
    </p>

    <p class='ocr_par' dir='ltr' id='par_1_4' title="bbox 176 1820 1945 2008">
     <span class='ocr_line' id='line_1_24' title="bbox 176 1820 1945 1885; baseline 0 -17"><span class='ocrx_word' id='word_1_184' title='bbox 176 1820 306 1868; x_wconf 82' lang='lat' dir='ltr'><strong>⁵teri</strong></span> <span class='ocrx_word' id='word_1_185' title='bbox 346 1820 651 1868; x_wconf 89' lang='lat' dir='ltr'><strong>centuriones</strong></span> <span class='ocrx_word' id='word_1_186' title='bbox 682 1820 729 1868; x_wconf 90' lang='lat' dir='ltr'><strong>in</strong></span> <span class='ocrx_word' id='word_1_187' title='bbox 768 1820 1100 1885; x_wconf 90' lang='lat' dir='ltr'><strong>perpetiendis</strong></span> <span class='ocrx_word' id='word_1_188' title='bbox 1141 1820 1394 1885; x_wconf 88' lang='lat' dir='ltr'><strong>suppliciis</strong></span> <span class='ocrx_word' id='word_1_189' title='bbox 1423 1820 1813 1883; x_wconf 87' lang='lat' dir='ltr'><strong>degeneravere:</strong></span> <span class='ocrx_word' id='word_1_190' title='bbox 1839 1825 1887 1868; x_wconf 90' lang='lat' dir='ltr'><strong>at</strong></span> <span class='ocrx_word' id='word_1_191' title='bbox 1942 1883 1945 1885; x_wconf 13' lang='grc' dir='ltr'><em>Β</em></span> 
     </span>
     <span class='ocr_line' id='line_1_25' title="bbox 214 1887 1885 1955; baseline 0 -18"><span class='ocrx_word' id='word_1_192' title='bbox 214 1903 311 1937; x_wconf 90' lang='lat' dir='ltr'><strong>non</strong></span> <span class='ocrx_word' id='word_1_193' title='bbox 348 1887 533 1938; x_wconf 88' lang='lat' dir='ltr'><strong>Faenio</strong></span> <span class='ocrx_word' id='word_1_194' title='bbox 561 1888 688 1938; x_wconf 84' lang='lat' dir='ltr'><strong>Rufo</strong></span> <span class='ocrx_word' id='word_1_195' title='bbox 717 1905 806 1955; x_wconf 94' lang='lat' dir='ltr'><strong>par</strong></span> <span class='ocrx_word' id='word_1_196' title='bbox 833 1891 1041 1953; x_wconf 80' lang='lat' dir='ltr'><strong>animuS,</strong></span> <span class='ocrx_word' id='word_1_197' title='bbox 1082 1890 1167 1939; x_wconf 91' lang='lat' dir='ltr'><strong>sed</strong></span> <span class='ocrx_word' id='word_1_198' title='bbox 1203 1891 1569 1939; x_wconf 88' lang='lat' dir='ltr'><strong>lamentationes</strong></span> <span class='ocrx_word' id='word_1_199' title='bbox 1595 1903 1707 1939; x_wconf 86' lang='lat' dir='ltr'><strong>suas</strong></span> <span class='ocrx_word' id='word_1_200' title='bbox 1743 1890 1885 1939; x_wconf 86' lang='lat' dir='ltr'><strong>etiam</strong></span> 
     </span>
     <span class='ocr_line' id='line_1_26' title="bbox 213 1959 864 2008; baseline 0.003 -2"><span class='ocrx_word' id='word_1_201' title='bbox 213 1959 261 2007; x_wconf 92' lang='lat' dir='ltr'><strong>in</strong></span> <span class='ocrx_word' id='word_1_202' title='bbox 287 1965 621 2007; x_wconf 91' lang='lat' dir='ltr'><strong>testamentum</strong></span> <span class='ocrx_word' id='word_1_203' title='bbox 648 1959 864 2008; x_wconf 86' lang='lat' dir='ltr'><strong>contulit.</strong></span> 
     </span>
    </p>

    <p class='ocr_par' dir='ltr' id='par_1_5' title="bbox 212 2027 1883 2162">
     <span class='ocr_line' id='line_1_27' title="bbox 318 2027 1883 2095; baseline 0 -19"><span class='ocrx_word' id='word_1_204' title='bbox 318 2027 676 2092; x_wconf 86' lang='lat' dir='ltr'><strong>Opperiebatur</strong></span> <span class='ocrx_word' id='word_1_205' title='bbox 710 2029 871 2093; x_wconf 91' lang='lat' dir='ltr'><strong>Nero,</strong></span> <span class='ocrx_word' id='word_1_206' title='bbox 914 2037 963 2078; x_wconf 91' lang='lat' dir='ltr'><strong>ut</strong></span> <span class='ocrx_word' id='word_1_207' title='bbox 997 2030 1227 2078; x_wconf 90' lang='lat' dir='ltr'><strong>Vestinus</strong></span> <span class='ocrx_word' id='word_1_208' title='bbox 1268 2045 1460 2095; x_wconf 88' lang='lat' dir='ltr'><strong>quoque</strong></span> <span class='ocrx_word' id='word_1_209' title='bbox 1502 2028 1667 2078; x_wconf 91' lang='lat' dir='ltr'><strong>consul</strong></span> <span class='ocrx_word' id='word_1_210' title='bbox 1707 2029 1753 2076; x_wconf 92' lang='lat' dir='ltr'><strong>in</strong></span> <span class='ocrx_word' id='word_1_211' title='bbox 1794 2029 1883 2076; x_wconf 90' lang='lat' dir='ltr'><strong>cri-</strong></span> 
     </span>
     <span class='ocr_line' id='line_1_28' title="bbox 212 2098 1883 2162; baseline -0.001 -16"><span class='ocrx_word' id='word_1_212' title='bbox 212 2113 322 2146; x_wconf 91' lang='lat' dir='ltr'><strong>men</strong></span> <span class='ocrx_word' id='word_1_213' title='bbox 360 2098 706 2162; x_wconf 90' lang='lat' dir='ltr'><strong>attraheretur,</strong></span> <span class='ocrx_word' id='word_1_214' title='bbox 746 2099 1008 2148; x_wconf 88' lang='lat' dir='ltr'><strong>violentum</strong></span> <span class='ocrx_word' id='word_1_215' title='bbox 1044 2106 1092 2147; x_wconf 91' lang='lat' dir='ltr'><strong>et</strong></span> <span class='ocrx_word' id='word_1_216' title='bbox 1116 2099 1352 2148; x_wconf 85' lang='lat' dir='ltr'><strong>infensum</strong></span> <span class='ocrx_word' id='word_1_217' title='bbox 1376 2107 1529 2148; x_wconf 87' lang='lat' dir='ltr'><strong>ratus:</strong></span> <span class='ocrx_word' id='word_1_218' title='bbox 1568 2098 1654 2147; x_wconf 89' lang='lat' dir='ltr'><strong>sed</strong></span> <span class='ocrx_word' id='word_1_219' title='bbox 1682 2113 1744 2146; x_wconf 88' lang='lat' dir='ltr'><strong>ex</strong></span> <span class='ocrx_word' id='word_1_220' title='bbox 1771 2111 1883 2146; x_wconf 90' lang='lat' dir='ltr'><strong>con·</strong></span> 
     </span>
    </p>

    <p class='ocr_par' dir='ltr' id='par_1_6' title="bbox 157 2167 1884 2511">
     <span class='ocr_line' id='line_1_29' title="bbox 157 2167 1884 2234; baseline 0.002 -23"><span class='ocrx_word' id='word_1_221' title='bbox 157 2178 197 2211; x_wconf 92' lang='lat'><strong>10</strong></span> <span class='ocrx_word' id='word_1_222' title='bbox 214 2169 379 2216; x_wconf 88' lang='lat' dir='ltr'><strong>iuratis</strong></span> <span class='ocrx_word' id='word_1_223' title='bbox 412 2168 613 2217; x_wconf 90' lang='lat' dir='ltr'><strong>consilia</strong></span> <span class='ocrx_word' id='word_1_224' title='bbox 643 2184 747 2217; x_wconf 92' lang='lat' dir='ltr'><strong>cum</strong></span> <span class='ocrx_word' id='word_1_225' title='bbox 775 2170 982 2219; x_wconf 91' lang='lat' dir='ltr'><strong>Vestino</strong></span> <span class='ocrx_word' id='word_1_226' title='bbox 1010 2183 1106 2217; x_wconf 92' lang='lat' dir='ltr'><strong>non</strong></span> <span class='ocrx_word' id='word_1_227' title='bbox 1131 2170 1434 2232; x_wconf 86' lang='lat' dir='ltr'><strong>miscuerant,</strong></span> <span class='ocrx_word' id='word_1_228' title='bbox 1466 2168 1654 2234; x_wconf 90' lang='lat' dir='ltr'><strong>quidam</strong></span> <span class='ocrx_word' id='word_1_229' title='bbox 1682 2167 1884 2216; x_wconf 85' lang='lat' dir='ltr'><strong>vetustis</strong></span> 
     </span>
     <span class='ocr_line' id='line_1_30' title="bbox 212 2235 1884 2303; baseline 0 -18"><span class='ocrx_word' id='word_1_230' title='bbox 212 2239 260 2285; x_wconf 91' lang='lat' dir='ltr'><strong>in</strong></span> <span class='ocrx_word' id='word_1_231' title='bbox 286 2252 392 2285; x_wconf 90' lang='lat' dir='ltr'><strong>eum</strong></span> <span class='ocrx_word' id='word_1_232' title='bbox 418 2237 754 2302; x_wconf 80' lang='lat' dir='ltr'><strong>simultatibuS,</strong></span> <span class='ocrx_word' id='word_1_233' title='bbox 783 2239 966 2303; x_wconf 81' lang='lat' dir='ltr'><strong>plureS,</strong></span> <span class='ocrx_word' id='word_1_234' title='bbox 998 2240 1108 2303; x_wconf 89' lang='lat' dir='ltr'><strong>quia</strong></span> <span class='ocrx_word' id='word_1_235' title='bbox 1137 2239 1451 2303; x_wconf 88' lang='lat' dir='ltr'><strong>praecipitem</strong></span> <span class='ocrx_word' id='word_1_236' title='bbox 1480 2246 1527 2288; x_wconf 93' lang='lat' dir='ltr'><strong>et</strong></span> <span class='ocrx_word' id='word_1_237' title='bbox 1552 2235 1884 2286; x_wconf 87' lang='lat' dir='ltr'><strong>insociabilem</strong></span> 
     </span>
     <span class='ocr_line' id='line_1_31' title="bbox 215 2305 1882 2358; baseline 0 -4"><span class='ocrx_word' id='word_1_238' title='bbox 215 2307 494 2356; x_wconf 87' lang='lat' dir='ltr'><strong>credebant.</strong></span> <span class='ocrx_word' id='word_1_239' title='bbox 549 2315 761 2357; x_wconf 91' lang='lat' dir='ltr'><strong>ceterum</strong></span> <span class='ocrx_word' id='word_1_240' title='bbox 786 2305 969 2358; x_wconf 89' lang='lat' dir='ltr'><strong>Neroni</strong></span> <span class='ocrx_word' id='word_1_241' title='bbox 999 2308 1158 2357; x_wconf 92' lang='lat' dir='ltr'><strong>odium</strong></span> <span class='ocrx_word' id='word_1_242' title='bbox 1189 2308 1421 2358; x_wconf 91' lang='lat' dir='ltr'><strong>adversus</strong></span> <span class='ocrx_word' id='word_1_243' title='bbox 1449 2309 1699 2358; x_wconf 89' lang='lat' dir='ltr'><strong>Vestinum</strong></span> <span class='ocrx_word' id='word_1_244' title='bbox 1726 2321 1789 2355; x_wconf 89' lang='lat' dir='ltr'><strong>ex</strong></span> <span class='ocrx_word' id='word_1_245' title='bbox 1814 2306 1882 2354; x_wconf 91' lang='lat' dir='ltr'><strong>in·</strong></span> 
     </span>
     <span class='ocr_line' id='line_1_32' title="bbox 212 2376 1883 2446; baseline 0 -23"><span class='ocrx_word' id='word_1_246' title='bbox 212 2376 323 2425; x_wconf 90' lang='lat' dir='ltr'><strong>tima</strong></span> <span class='ocrx_word' id='word_1_247' title='bbox 350 2376 602 2425; x_wconf 87' lang='lat' dir='ltr'><strong>sodalitate</strong></span> <span class='ocrx_word' id='word_1_248' title='bbox 631 2385 893 2441; x_wconf 89' lang='lat' dir='ltr'><strong>coeperat,</strong></span> <span class='ocrx_word' id='word_1_249' title='bbox 923 2378 1029 2426; x_wconf 91' lang='lat' dir='ltr'><strong>dum</strong></span> <span class='ocrx_word' id='word_1_250' title='bbox 1060 2377 1138 2427; x_wconf 88' lang='lat' dir='ltr'><strong>hic</strong></span> <span class='ocrx_word' id='word_1_251' title='bbox 1167 2378 1405 2442; x_wconf 86' lang='lat' dir='ltr'><strong>ignaviam</strong></span> <span class='ocrx_word' id='word_1_252' title='bbox 1435 2377 1667 2442; x_wconf 90' lang='lat' dir='ltr'><strong>principis</strong></span> <span class='ocrx_word' id='word_1_253' title='bbox 1693 2376 1883 2446; x_wconf 79' lang='lat' dir='ltr'><strong>penitus</strong></span> 
     </span>
     <span class='ocr_line' id='line_1_33' title="bbox 215 2446 1882 2511; baseline -0.001 -18"><span class='ocrx_word' id='word_1_254' title='bbox 215 2447 457 2509; x_wconf 86' lang='lat' dir='ltr'><strong>cognitam</strong></span> <span class='ocrx_word' id='word_1_255' title='bbox 485 2446 710 2511; x_wconf 89' lang='lat' dir='ltr'><strong>despicit,</strong></span> <span class='ocrx_word' id='word_1_256' title='bbox 739 2447 823 2496; x_wconf 88' lang='lat' dir='ltr'><strong>ille</strong></span> <span class='ocrx_word' id='word_1_257' title='bbox 850 2448 1083 2496; x_wconf 86' lang='lat' dir='ltr'><strong>ferociam</strong></span> <span class='ocrx_word' id='word_1_258' title='bbox 1114 2449 1252 2496; x_wconf 90' lang='lat' dir='ltr'><strong>amici</strong></span> <span class='ocrx_word' id='word_1_259' title='bbox 1277 2449 1467 2510; x_wconf 86' lang='lat' dir='ltr'><strong>metuit,</strong></span> <span class='ocrx_word' id='word_1_260' title='bbox 1505 2460 1655 2511; x_wconf 90' lang='lat' dir='ltr'><strong>saepe</strong></span> <span class='ocrx_word' id='word_1_261' title='bbox 1693 2446 1882 2510; x_wconf 87' lang='lat' dir='ltr'><strong>asperis</strong></span> 
     </span>
    </p>

    <p class='ocr_par' dir='ltr' id='par_1_7' title="bbox 154 2515 1881 2775">
     <span class='ocr_line' id='line_1_34' title="bbox 154 2515 1881 2581; baseline -0.001 -19"><span class='ocrx_word' id='word_1_262' title='bbox 154 2528 195 2561; x_wconf 83' lang='lat'><strong>15</strong></span> <span class='ocrx_word' id='word_1_263' title='bbox 212 2515 401 2563; x_wconf 81' lang='lat' dir='ltr'><strong>facetiis</strong></span> <span class='ocrx_word' id='word_1_264' title='bbox 426 2516 626 2580; x_wconf 88' lang='lat' dir='ltr'><strong>inlusus,</strong></span> <span class='ocrx_word' id='word_1_265' title='bbox 656 2532 779 2581; x_wconf 88' lang='lat' dir='ltr'><strong>quae</strong></span> <span class='ocrx_word' id='word_1_266' title='bbox 809 2516 888 2565; x_wconf 92' lang='lat' dir='ltr'><strong>ubi</strong></span> <span class='ocrx_word' id='word_1_267' title='bbox 918 2516 1112 2565; x_wconf 92' lang='lat' dir='ltr'><strong>multum</strong></span> <span class='ocrx_word' id='word_1_268' title='bbox 1143 2532 1204 2565; x_wconf 85' lang='lat' dir='ltr'><strong>ex</strong></span> <span class='ocrx_word' id='word_1_269' title='bbox 1231 2532 1349 2566; x_wconf 88' lang='lat' dir='ltr'><strong>vero</strong></span> <span class='ocrx_word' id='word_1_270' title='bbox 1375 2525 1587 2579; x_wconf 84' lang='lat' dir='ltr'><strong>traxere,</strong></span> <span class='ocrx_word' id='word_1_271' title='bbox 1623 2529 1784 2564; x_wconf 87' lang='lat' dir='ltr'><strong>acrem</strong></span> <span class='ocrx_word' id='word_1_272' title='bbox 1809 2515 1881 2562; x_wconf 87' lang='lat' dir='ltr'><strong>sui</strong></span> 
     </span>
     <span class='ocr_line' id='line_1_35' title="bbox 212 2584 1879 2651; baseline -0.001 -19"><span class='ocrx_word' id='word_1_273' title='bbox 212 2587 493 2634; x_wconf 90' lang='lat' dir='ltr'><strong>memoriam</strong></span> <span class='ocrx_word' id='word_1_274' title='bbox 519 2587 807 2650; x_wconf 87' lang='lat' dir='ltr'><strong>relinquunt.</strong></span> <span class='ocrx_word' id='word_1_275' title='bbox 861 2593 1142 2635; x_wconf 89' lang='lat' dir='ltr'><strong>accesserat</strong></span> <span class='ocrx_word' id='word_1_276' title='bbox 1165 2601 1343 2651; x_wconf 90' lang='lat' dir='ltr'><strong>repens</strong></span> <span class='ocrx_word' id='word_1_277' title='bbox 1373 2602 1533 2649; x_wconf 88' lang='lat' dir='ltr'><strong>causa,</strong></span> <span class='ocrx_word' id='word_1_278' title='bbox 1567 2584 1694 2649; x_wconf 89' lang='lat' dir='ltr'><strong>quod</strong></span> <span class='ocrx_word' id='word_1_279' title='bbox 1719 2584 1879 2633; x_wconf 89' lang='lat' dir='ltr'><strong>Vesti-</strong></span> 
     </span>
     <span class='ocr_line' id='line_1_36' title="bbox 210 2652 1878 2716; baseline -0.002 -14"><span class='ocrx_word' id='word_1_280' title='bbox 210 2669 298 2702; x_wconf 90' lang='lat' dir='ltr'><strong>nus</strong></span> <span class='ocrx_word' id='word_1_281' title='bbox 331 2655 562 2703; x_wconf 88' lang='lat' dir='ltr'><strong>Statiliam</strong></span> <span class='ocrx_word' id='word_1_282' title='bbox 586 2656 893 2705; x_wconf 86' lang='lat' dir='ltr'><strong>Messalinam</strong></span> <span class='ocrx_word' id='word_1_283' title='bbox 918 2657 1217 2704; x_wconf 90' lang='lat' dir='ltr'><strong>matrimonio</strong></span> <span class='ocrx_word' id='word_1_284' title='bbox 1246 2655 1336 2707; x_wconf 82' lang='lat' dir='ltr'><strong>sibi</strong></span> <span class='ocrx_word' id='word_1_285' title='bbox 1362 2659 1604 2716; x_wconf 89' lang='lat' dir='ltr'><strong>iunxerat,</strong></span> <span class='ocrx_word' id='word_1_286' title='bbox 1646 2652 1767 2701; x_wconf 91' lang='lat' dir='ltr'><strong>haud</strong></span> <span class='ocrx_word' id='word_1_287' title='bbox 1797 2667 1878 2700; x_wconf 91' lang='lat' dir='ltr'><strong>ne-</strong></span> 
     </span>
     <span class='ocr_line' id='line_1_37' title="bbox 212 2724 1414 2775; baseline 0.002 -5"><span class='ocrx_word' id='word_1_288' title='bbox 212 2724 343 2771; x_wconf 90' lang='lat' dir='ltr'><strong>scius</strong></span> <span class='ocrx_word' id='word_1_289' title='bbox 367 2725 492 2772; x_wconf 91' lang='lat' dir='ltr'><strong>inter</strong></span> <span class='ocrx_word' id='word_1_290' title='bbox 517 2724 764 2774; x_wconf 91' lang='lat' dir='ltr'><strong>adulteros</strong></span> <span class='ocrx_word' id='word_1_291' title='bbox 793 2727 897 2774; x_wconf 91' lang='lat' dir='ltr'><strong>eius</strong></span> <span class='ocrx_word' id='word_1_292' title='bbox 924 2733 972 2774; x_wconf 92' lang='lat' dir='ltr'><strong>et</strong></span> <span class='ocrx_word' id='word_1_293' title='bbox 1000 2724 1259 2774; x_wconf 90' lang='lat' dir='ltr'><strong>Caesarem</strong></span> <span class='ocrx_word' id='word_1_294' title='bbox 1287 2740 1414 2775; x_wconf 89' lang='lat' dir='ltr'><strong>esse.</strong></span> 
     </span>
    </p>

    <p class='ocr_par' dir='ltr' id='par_1_8' title="bbox 212 2791 1878 2928">
     <span class='ocr_line' id='line_1_38' title="bbox 317 2791 1878 2858; baseline -0.001 -16"><span class='ocrx_word' id='word_1_295' title='bbox 317 2793 400 2843; x_wconf 87' lang='lat'><strong>69.</strong></span> <span class='ocrx_word' id='word_1_296' title='bbox 436 2793 587 2856; x_wconf 87' lang='lat' dir='ltr'><strong>Igitur</strong></span> <span class='ocrx_word' id='word_1_297' title='bbox 622 2808 719 2843; x_wconf 91' lang='lat' dir='ltr'><strong>non</strong></span> <span class='ocrx_word' id='word_1_298' title='bbox 754 2795 974 2858; x_wconf 87' lang='lat' dir='ltr'><strong>crimine,</strong></span> <span class='ocrx_word' id='word_1_299' title='bbox 1014 2809 1110 2843; x_wconf 90' lang='lat' dir='ltr'><strong>non</strong></span> <span class='ocrx_word' id='word_1_300' title='bbox 1138 2803 1423 2844; x_wconf 88' lang='lat' dir='ltr'><strong>accusatore</strong></span> <span class='ocrx_word' id='word_1_301' title='bbox 1451 2793 1735 2855; x_wconf 84' lang='lat' dir='ltr'><strong>exsistente,</strong></span> <span class='ocrx_word' id='word_1_302' title='bbox 1767 2791 1878 2857; x_wconf 89' lang='lat' dir='ltr'><strong>quia</strong></span> 
     </span>
     <span class='ocr_line' id='line_1_39' title="bbox 212 2862 1876 2928; baseline 0 -19"><span class='ocrx_word' id='word_1_303' title='bbox 212 2862 428 2925; x_wconf 90' lang='lat' dir='ltr'><strong>speciem</strong></span> <span class='ocrx_word' id='word_1_304' title='bbox 465 2863 636 2912; x_wconf 90' lang='lat' dir='ltr'><strong>iudicis</strong></span> <span class='ocrx_word' id='word_1_305' title='bbox 676 2864 876 2913; x_wconf 90' lang='lat' dir='ltr'><strong>induere</strong></span> <span class='ocrx_word' id='word_1_306' title='bbox 922 2878 1015 2913; x_wconf 88' lang='lat' dir='ltr'><strong>non</strong></span> <span class='ocrx_word' id='word_1_307' title='bbox 1058 2870 1272 2928; x_wconf 88' lang='lat' dir='ltr'><strong>poterat,</strong></span> <span class='ocrx_word' id='word_1_308' title='bbox 1312 2864 1370 2913; x_wconf 90' lang='lat' dir='ltr'><strong>ad</strong></span> <span class='ocrx_word' id='word_1_309' title='bbox 1409 2865 1501 2912; x_wconf 87' lang='lat' dir='ltr'><strong>vim</strong></span> <span class='ocrx_word' id='word_1_310' title='bbox 1540 2862 1876 2911; x_wconf 87' lang='lat' dir='ltr'><strong>dominationis</strong></span> 
     </span>
    </p>
   </div>
  </div>
 </body>
</html>
