1976 3224
635 184 811 222 LIBER
836 185 897 223 11.
938 184 1060 223 CAP.
1098 180 1288 226 6—11.
1737 177 1807 227 45

135 315 395 363 transiere:
431 320 724 379 postremum
760 314 1041 363 auxiliorum
1082 329 1254 377 agmen
1285 314 1550 379 Batavique
1583 318 1632 367 in
1655 327 1808 383 ,parte

36 381 58 440 ζ’
136 398 221 446 ea,
260 384 367 433 dum
410 382 635 432 insultant
668 383 804 447 aquis
839 391 1086 448 artemque
1127 384 1268 433 nandi
1315 393 1581 451 ostentant,
1629 388 1806 439 turbati

34 445 47 477 ‘³
135 461 184 501 et
211 453 399 517 quidam
425 453 580 502 hausti
604 460 726 501 sunt.
779 455 974 502 metanti
1001 462 1158 503 castra
1185 452 1382 503 Caesari
1407 454 1806 518 Angrivariorum

134 521 346 572 defectio
373 538 399 572 a
421 530 564 586 tergo
591 523 854 572 nuntiatur:
892 525 1064 572 missus
1090 523 1204 572 ilico
1232 525 1483 573 Stertinius
1510 542 1615 576 cum
1642 529 1806 592 equite

135 599 182 640 et
216 601 449 642 armatura
478 592 576 640 levi
602 595 715 655 igne
743 601 790 641 et
820 593 1048 642 caedibus
1077 593 1323 657 perfidiam
1348 594 1473 643 ultus
1499 605 1588 645 est.
1821 616 1866 650 ιε

240 662 514 712 9.Ἑ1ιιῐηθη
538 661 762 725 Visurgis
798 664 1046 712 Romanos
1077 662 1452 729 Cheruscosque
1484 666 1804 716 interfluebat.

112 733 235 782 seius
259 734 307 780 in
331 733 436 796 ripa
464 747 567 780 cum
597 734 774 781 ceteris
801 733 1090 797 primoribus
1114 733 1354 782 Arminius
1382 734 1586 799 adstitit,
1616 739 1804 800 quaesi-

130 810 279 867 toque
300 818 359 851 an
379 801 562 851 Caesar
581 803 824 864 venisset,
850 811 1105 867 postquam
1125 803 1297 852 adesse
1313 819 1602 868 responsum
1624 814 1723 868 est,
1754 814 1807 854 ut

129 872 302 929 liceret
327 887 433 920 cum
456 872 604 921 fratre
633 873 861 936 conloqui
889 874 1058 922 oravit.
1111 881 1213 921 erat
1239 874 1280 920 is
1305 875 1351 920 in
1377 877 1594 923 exercitu
1621 890 1804 938 cogno·

129 950 289 992 mento
308 941 512 1005 FlavuS,
538 943 739 1005 insignis
772 942 865 991 lide
887 951 934 991 et
959 943 1135 992 amisso
1160 958 1249 1006 per
1267 943 1438 991 vulnus
1460 945 1604 992 oculo
1637 947 1805 1009 paucis
1825 956 1850 989 5

130 1020 239 1061 ante
263 1013 396 1061 annis
423 1011 545 1060 duce
566 1012 780 1061 Tiberio.
822 1020 918 1060 tum
935 1013 1170 1076 permissu
1192 1013 1246 1045 **
1268 1028 1658 1078 progressusque
1680 1016 1805 1063 salu-

128 1089 253 1131 tatur
278 1081 336 1130 ab
363 1082 604 1139 Arminio;
631 1084 711 1146 qui
737 1084 907 1131 amotis
935 1082 1275 1146 stipatorihuS,
1303 1090 1353 1130 ut
1379 1085 1612 1146 sagittarii
1639 1091 1807 1134 nostra

130 1167 220 1216 pro
245 1153 352 1216 ripa
379 1151 599 1215 dispositi
628 1151 1199 1216 abscederent-postulat,
1230 1160 1277 1199 et
1298 1160 1549 1216 postquam
1576 1154 1805 1217 digressi,

128 1221 252 1270 unde
278 1237 335 1270 ea
357 1221 635 1270 deformitas
658 1224 756 1270 oris
775 1224 1040 1285 interrogat
1062 1222 1274 1269 fratrem.
1307 1222 1391 1270 illo
1414 1223 1572 1271 locum
1595 1231 1642 1272 et
1659 1238 1804 1289 proe-

129 1291 241 1339 lium
267 1291 542 1354 referente,
571 1291 822 1355 quodnam‘
839 1293 1101 1356 praemium
1126 1292 1398 1355 recepisset
1419 1295 1645 1357 exquirit.
1694 1293 1802 1343 Fla-
1821 1303 1866 1337 ιο

128 1376 216 1410 vus
250 1369 388 1410 aucta
424 1361 688 1427 stipendia,
733 1370 953 1426 torquem
990 1369 1038 1410 et
1076 1375 1305 1409 coronam
1344 1361 1534 1426 aliaque
1581 1356 1806 1412 militaria

128 1430 255 1479 dona
279 1438 540 1493 memorat,
566 1431 802 1479 inridente
828 1431 1042 1479 Arminio
1069 1431 1180 1479 vilia
1209 1431 1393 1478 servitii
1419 1434 1589 1495 pretia.

239 1503 317 1550 10.
355 1500 495 1548 Exim
521 1501 700 1548 diversi
723 1501 994 1562 ordiuntur,
1021 1501 1099 1548 hic
1123 1500 1494 1563 magnitudinem
1518 1502 1803 1565 Romanam,

127 1583 251 1635 opes
282 1569 507 1618 Caesaris
535 1578 581 1618 et
605 1571 746 1619 victis
769 1586 947 1634 graves
970 1585 1182 1634 poenas,
1210 1570 1256 1617 in
1283 1570 1572 1619 deditionem
1592 1572 1806 1620 venienti

123 1648 341 1699 paratam
381 1639 709 1697 clementiam;
755 1656 912 1704 neque
958 1641 1214 1702 coniugem
1252 1647 1299 1687 et
1335 1640 1478 1688 lilium
1515 1641 1618 1690 eius
1652 1642 1802 1690 hosti·

104 1707 236 1765 „liter
270 1708 462 1758 haberi:
502 1709 585 1757 ille
620 1710 693 1758 fas
731 1712 938 1774 patriae,
977 1710 1246 1757 libertatem
1289 1712 1487 1773 avitam,
1537 1711 1804 1775 penetralis

129 1780 411 1828 Germaniae
438 1779 587 1842 deos,
627 1787 825 1829 matrem
856 1795 1053 1844 precum
1084 1781 1288 1834 sociam;
1332 1795 1392 1827 ne
1421 1782 1802 1845 propinquorum
1823 1800 1847 1831 5

129 1857 176 1897 et
199 1849 447 1911 adfinium,
484 1848 690 1912 denique
730 1851 889 1912 gentis
926 1865 1041 1897 suae
1077 1849 1299 1896 desertor
1338 1856 1386 1897 et
1412 1850 1632 1913 proditor
1662 1866 1803 1915 quam

126 1921 388 1982 imperator
418 1933 528 1966 esse
553 1919 732 1967 mallet.
794 1919 1019 1983 paulatim
1045 1917 1154 1965 inde
1183 1918 1239 1966 ad
1266 1920 1419 1980 iurgia
1453 1920 1672 1984 prolapsi
1704 1935 1801 1985 quo

127 1989 277 2036 minus
313 2002 521 2052 pugnam
557 1983 872 2036 consererent
907 2003 967 2036 ne
999 1988 1188 2036 flumine
1221 1988 1409 2050 quidem
1435 1991 1689 2038 interiecto
1719 2005 1801 2039 co-

125 2056 436 2119 hibebantur,
473 2058 518 2104 ni
546 2058 796 2106 Stertinius
833 2057 1093 2106 adcurrens
1131 2056 1323 2120 plenum
1356 2059 1458 2106 irae
1496 2074 1722 2123 armaque
1754 2066 1804 2106 et

128 2142 299 2191 equum
331 2135 614 2191 poscentem
640 2127 836 2176 Flavum
862 2126 1154 2175 adtinuisset.
1214 2126 1502 2175 cernebatur
1527 2136 1692 2176 contra
1717 2129 1799 2177 mi·
1819 2138 1861 2171 10

120 2196 411 2245 uitabundus
451 2197 692 2245 Arminius
730 2198 1061 2261 proeliumque
1089 2196 1398 2252 denuntians;
1433 2212 1538 2246 nam
1567 2197 1802 2263 pleraque

123 2266 290 2315 Latino
313 2281 534 2314 sermone
556 2268 915 2329 interiaciebat,
943 2274 990 2314 ut
1012 2268 1090 2330 qui
1111 2266 1338 2314 Romanis
1362 2267 1410 2314 in
1433 2268 1604 2316 castris
1630 2267 1803 2316 ductor

27 2349 36 2356 ·
105 2336 432 2401 popularium
459 2338 729 2385 meruisset.

241 2407 319 2453 11.
351 2406 559 2454 Postero·
591 2407 667 2455 die
695 2406 1035 2456 Germanorum
1063 2408 1192 2455 acies
1219 2413 1350 2454 trans
1375 2408 1623 2469 Visurgim
1652 2407 1798 2455 stetit.

131 2473 312 2524 Caesar
348 2476 438 2522 nisi
475 2475 699 2539 pontibus
737 2475 1088 2540 praesidiisque
1123 2477 1346 2539 inpositis
1383 2476 1497 2525 dare
1538 2478 1584 2523 in
1628 2476 1798 2524 discri-

126 2560 235 2593 men
277 2544 501 2606 legiones
542 2545 666 2594 haud
701 2546 1058 2609 imperatorium
1101 2554 1254 2609 ratus,
1296 2547 1504 2610 equitem
1544 2545 1667 2593 vado
1704 2552 1797 2594 tra-

128 2614 280 2663 mittit.
326 2615 581 2677 praefuere
608 2616 859 2663 Stertinius
889 2622 936 2662 et
967 2630 993 2662 e
1022 2630 1218 2662 numero
1245 2615 1607 2678 primipilarium
1638 2614 1796 2662 Aemi<

128 2683 246 2745 lius,
294 2683 574 2732 distantibus
611 2684 732 2732 locis
771 2685 968 2745 invecti,
1019 2690 1068 2730 ut
1104 2683 1292 2731 hostem
1331 2683 1627 2731 diducerent.
1706 2697 1839 2748 quas

132 2753 410 2800 celerrimus
451 2755 623 2812 amnis,
664 2751 982 2801 Chariovalda
1019 2751 1112 2799 dux
1137 2751 1421 2800 Batavorum
1460 2755 1629 2818 erupit.
1690 2767 1800 2801 eum

133 2820 364 2870 Cherusci
390 2823 552 2885 fugam
579 2821 854 2870 simulantes
883 2824 928 2869 in
956 2822 1195 2885 planitiem
1225 2822 1421 2869 saltibus
1444 2822 1800 2872 circumiectam

48 2951 52 2957 .
125 2897 352 2939 traxere:
390 2891 499 2940 dein
538 2894 693 2941 coorti
730 2899 777 2940 et
806 2891 1010 2954 undique
1040 2891 1176 2938 elfusi
1208 2890 1395 2938 trudunt
1425 2891 1686 2956 adversm,
1729 2894 1796 2940 in-
