1976 3224
535 172 712 237 Lmen
733 173 852 209 X1v.
882 172 1005 210 CAP.
1028 170 1227 214 61—65.
1614 161 1712 212 281

58 310 105 351 et
135 300 330 364 militeS,
368 302 624 364 praesagio
667 299 898 348 malorum
937 301 1027 347 iam
1070 301 1194 348 vitae
1222 307 1468 364 exempta,
1513 299 1720 347 nondum

27 380 212 421 -tamen
258 379 410 418 morte
459 369 815 434 adquiescebat.
878 370 1043 432 paucis
1093 367 1265 418 dehinc
1309 370 1572 417 interiectis
1621 368 1718 417 die-

55 442 143 490 bus
180 441 300 488 mori
336 439 548 502 iubetur,
597 454 701 487 eum
740 439 829 487 iam
865 439 1051 486 viduam
1089 454 1142 486 se
1184 447 1230 487 et
1275 446 1452 487 tantum
1500 453 1720 486 sororem

58 516 310 559 testaretur
356 516 722 572 communesque
777 507 1088 557 Germanicos
1139 515 1187 556 et
1235 516 1483 572 postremo
1539 508 1761 572 Agrip-5

61 578 200 643 pinae
236 593 407 627 nomen
444 579 619 639 cieret,
660 592 752 642 qua
787 577 1015 628 incolumi
1048 577 1216 626 infelix
1258 578 1445 641 quidem
1482 578 1719 626 matrimo-

58 648 182 696 nium
220 649 304 697 sed
341 650 441 697 sine
478 649 623 697 exitio
660 646 954 712 pertulisset.
1000 648 1303 710 restringitur
1337 648 1509 696 vinclis
1546 662 1718 696 venae-

61 731 151 780 que
189 719 291 764 eius
326 733 412 782 per
449 733 613 766 omnes
655 723 783 765 artus
824 717 1161 773 exsolvuntur;
1202 725 1249 765 et
1277 718 1384 781 quia
1412 732 1612 780 pressus
1638 732 1719 780 pa-

59 800 178 834 vore
220 788 412 850 sanguis
451 787 629 836 tardius
666 785 938 848 labebatur,
987 786 1279 850 praefervidi
1325 786 1485 835 balnei
1535 801 1721 851 vapore

60 862 299 904 enecatur.
331 855 635 921 ,additurque
662 856 877 904 atrocior
903 856 1128 919 saevitia,
1172 856 1300 920 quod
1338 864 1481 921 eaput
1508 863 1779 920 amputa-10

58 933 153 973 tum
179 924 417 989 latumque
442 927 486 974 in
517 925 680 974 urbem
708 924 936 989 Poppaea
966 925 1093 973 vidit.
1145 925 1269 975 (lona
1293 926 1355 974 ob
1376 926 1498 975 haec
1526 925 1720 990 templis

58 993 253 1042 decreta
301 1009 438 1058 quem
490 995 547 1044 ad
598 996 738 1044 finem
783 993 1185 1043 memorabimus?
1245 996 1528 1060 quicumque
1581 1010 1721 1044 casus

58 1071 323 1127 temporum
358 1063 545 1112 illorum
585 1065 725 1113 nobis
764 1064 843 1112 vel
880 1064 984 1112 aliis
1012 1065 1285 1113 auctoribus
1313 1072 1539 1126 noscent,
1581 1079 1719 1128 prae-

59 1140 294 1198 sumptum
318 1133 548 1195 habeant,
584 1135 805 1199 quotiens
841 1133 982 1197 fugas
1018 1142 1065 1182 et
1094 1134 1269 1183 caedes
1305 1135 1442 1183 iussit
1470 1136 1718 1199 princepS,

59 1205 235 1253 totiens
268 1209 431 1266 grates
466 1202 568 1250 deis
601 1211 761 1265 actaS,
800 1217 1022 1267 quaeque
1058 1219 1215 1252 rerum
1246 1204 1559 1252 secundarum
1587 1204 1715 1267 olim,
1737 1217 1779 1250 15

58 1280 154 1321 tum
178 1271 399 1336 publicae
431 1271 579 1321 cladis
614 1272 819 1335 insignia
856 1272 1021 1321 fuisse.
1065 1288 1223 1338 neque
1258 1281 1418 1322 tamen
1453 1273 1718 1336 silebimuS,

60 1343 100 1390 si
140 1342 267 1406 quod
312 1349 504 1390 senatus
551 1341 816 1390 consultum
854 1341 1128 1392 adulatione
1166 1358 1341 1392 novum
1378 1350 1456 1391 aut
1492 1345 1720 1407 patientia

61 1418 348 1476 postremum
374 1411 473 1459 fuit.

163 1481 245 1530 65.
293 1481 475 1530 Eodem
525 1495 646 1529 anno
696 1479 977 1528 libertorum
1017 1482 1294 1545 potissimos
1336 1496 1524 1530 veneno
1578 1483 1719 1530 inter·

58 1551 239 1599 fecisse
283 1551 492 1600 creditus
531 1558 628 1613 est,
665 1549 1002 1613 Doryphorum
1038 1553 1172 1614 quasi
1210 1552 1509 1600 adversatum
1544 1551 1720 1615 nuptiis

59 1619 342 1684 Poppaeae,
382 1620 666 1683 Pallantem,
705 1619 831 1684 quod
868 1620 1126 1669 inmensam
1161 1622 1412 1685 pecuniam
1454 1621 1601 1684 longa
1642 1635 1720 1668 se-

58 1697 199 1738 necta
245 1689 494 1739 detineret.
555 1691 796 1739 Romanus
845 1690 1047 1737 secretis
1095 1690 1501 1740 criminationibus
1533 1687 1728 1738 incusat!

60 1765 200 1808 verat
236 1761 468 1808 Senecam
495 1767 543 1808 ut
580 1758 633 1809 C.
662 1759 849 1808 Pisonis
884 1760 1091 1822 socium,
1135 1761 1220 1809 sed
1247 1760 1449 1810 validius
1475 1776 1501 1810 a
1532 1761 1720 1809 Seneca
1740 1778 1768 1809 5,

62 1827 232 1876 eodem
277 1830 468 1876 crimine
498 1829 749 1893 perculsus
789 1835 876 1876 est.
932 1829 1056 1878 unde
1083 1829 1245 1878 Pisoni
1271 1832 1412 1880 timor
1441 1838 1488 1879 et
1516 1836 1618 1879 orta
1652 1829 1717 1876 in-

62 1897 281 1946 sidiarum
307 1899 351 1945 in
378 1897 618 1947 Neronem
646 1913 814 1961 magna
844 1898 1000 1947 moles
1027 1906 1074 1947 et
1099 1901 1401 1964 inprospera.
