1976 3224
675 172 852 209 LIBER
872 173 956 209 111.
989 172 1112 210 CAP.
1140 171 1284 215 1—7.
1749 162 1810 211 81

137 300 326 360 tabant,
358 301 625 363 promptius
655 302 966 363 apertiusque
996 316 1134 363 quam
1154 310 1213 352 ut
1238 301 1514 349 meminisse
1542 301 1815 363 imperitan-

136 371 252 419 tium
279 370 528 438 crederes.
578 369 694 418 nihil
719 377 876 417 tamen
902 368 1147 418 Tiberium
1177 372 1330 434 magis
1369 371 1643 435 penetravit
1677 384 1816 432 quam

138 440 294 488 studia
321 439 562 487 hominum
591 440 799 488 accens‘a
837 441 882 486 in
909 439 1253 503 Agrippinam,
1287 455 1394 488 cum
1427 440 1576 488 decus
1611 440 1813 503 patriae,

138 509 295 558 solum
321 509 525 571 Augusti
548 510 858 570 sanguinem,
895 510 1084 556 unicum
1118 511 1409 573 antiquitatis
1445 510 1695 574 specimen
1732 523 1813 572 ap-

138 578 383 642 pellarent
407 579 637 640 versique
663 579 723 626 ad
751 579 938 627 caelum
966 593 1024 626 ac
1061 579 1180 627 deos
1219 581 1456 642 integram
1488 578 1559 628 illi
1595 577 1815 626 subolem
1833 598 1874 629 ιο

139 664 197 697 ac
224 648 537 711 superstitem
562 648 833 711 iniquorum
859 657 1190 712 precarentur.

246 718 293 765 5.
331 716 489 764 Fuere
528 717 607 779 qui
646 717 827 780 publici
865 718 1045 765 funeris
1083 733 1307 782 pompam
1343 719 1650 781 requirerent
1686 729 1813 764 com-

140 793 465 852 pararentque
507 801 631 850 quae
667 787 715 833 in
751 785 959 835 Drusum
996 795 1182 853 patrem
1219 787 1488 836 Germanici
1535 787 1722 834 honora
1765 793 1814 833 et

137 856 390 919 magnilica
416 854 662 917 Augustus
687 856 906 905 fecisset.
947 857 1102 920 ipsum
1130 858 1308 920 quippe
1346 858 1612 920 asperrimo
1644 855 1815 903 hiemis

138 925 352 975 Ticinum
395 939 548 987 usque
589 939 903 990 progressum
947 941 1106 989 neque
1142 925 1484 974 abscedentem
1530 940 1558 974 a
1602 938 1814 988 corpore

138 996 277 1044 simul
303 994 471 1043 urbem
500 995 779 1049 intravisse:
819 995 1132 1044 circumfusas
1173 996 1304 1044 lecto
1333 992 1641 1044 Claudiorum
1671 993 1813 1042 Iulio·
1832 1018 1851 1047 5

137 1079 340 1128 rumque
378 1065 640 1126 imagines;
687 1065 912 1113 defletum
949 1066 996 1112 in
1034 1058 1171 1126 foro',
1208 1064 1449 1112 laudatum
1485 1078 1575 1128 pro
1620 1064 1813 1125 rostriS,

139 1141 311 1184 cuncta
341 1148 368 1181 a
405 1133 662 1182 maioribus
697 1142 892 1197 reperta
932 1142 1011 1183 aut
1043 1150 1166 1198 quae
1202 1135 1387 1196 posteri
1425 1134 1694 1182 invenerint
1732 1148 1812 1180 cu-

138 1205 338 1253 mulata:
370 1211 418 1251 at
449 1202 733 1252 Germanico
763 1219 823 1251 ne
852 1204 1024 1252 solitos
1056 1204 1247 1267 quidem
1277 1210 1324 1251 et
1352 1205 1635 1266 cuicumque
1662 1202 1815 1249 nobili

140 1273 331 1322 debitos
355 1273 568 1320 honores
597 1269 877 1335 contigisse.
952 1289 1067 1323 sane
1101 1287 1278 1336 corpus
1315 1272 1376 1320 ol)
1414 1272 1814 1336 longinquitatem

140 1344 361 1391 itinerum
398 1340 611 1390 externis
648 1344 790 1391 terris
827 1357 1022 1407 quoquo
1058 1342 1200 1390 modo
1239 1350 1523 1390 crematum:
1567 1341 1655 1389 sed
1680 1348 1810 1389 tanto
1830 1360 1870 1392 ιο

139 1413 278 1477 plura
303 1412 484 1461 decora
508 1426 621 1459 mox
649 1411 788 1460 tribui
814 1428 900 1476 par
924 1412 1075 1460 fuisse
1091 1449 1104 1473 ,
1147 1418 1324 1475 quanto
1361 1412 1513 1475 prima
1538 1412 1640 1459 fors
1666 1425 1811 1472 nega-

140 1483 308 1530 visset.
361 1495 457 1530 non
481 1480 694 1543 fratrem,
726 1483 815 1529 nisi
840 1483 976 1530 unius
1002 1482 1096 1530 diei
1120 1483 1197 1529 via
1215 1518 1228 1543 ,
1257 1495 1353 1528 non
1386 1488 1606 1545 patruum
1642 1479 1814 1527 saltem

140 1558 282 1616 porta
311 1558 451 1599 tenus
485 1550 692 1599 obvium.
750 1550 832 1599 ubi
869 1551 952 1600 illa
989 1558 1207 1599 veterum
1239 1551 1479 1611 instituta,
1513 1550 1813 1613 propositam

141 1629 250 1670 toro
278 1619 511 1683 effigiem,
535 1621 759 1670 meditata
785 1621 845 1669 ad
866 1621 1142 1668 memoriam
1171 1620 1358 1667 virtutis
1385 1621 1592 1668 carmina
1629 1626 1676 1666 et
1713 1618 1812 1665 lau-

142 1691 380 1750 dationes,
408 1697 457 1738 et
483 1689 706 1738 lacrimas
731 1690 812 1738 vel
841 1690 1023 1738 doloris
1050 1687 1375 1738 imitamenta?
1830 1709 1869 1740 15

245 1760 293 1809 6.
336 1757 541 1808 Gnarum
562 1760 609 1808 id
635 1759 829 1808 Tiberio
861 1759 971 1817 fuit;
1001 1767 1148 1823 utque
1173 1766 1421 1822 premeret
1454 1757 1587 1820 vulgi
1628 1771 1811 1805 sermo·

143 1845 257 1890 neS,
295 1829 476 1875 monuit
514 1828 673 1877 edicto
714 1829 889 1877 multos
931 1829 1198 1877 inlustrium
1233 1828 1556 1877 Romanorum
1605 1826 1667 1875 ob
1710 1841 1813 1874 rem

144 1898 387 1962 publicam
411 1896 593 1958 obisse,
622 1899 857 1945 neminem
878 1906 971 1946 tam
991 1898 1211 1960 flagranti
1230 1897 1475 1947 desiderio
1497 1896 1812 1946 celebratum.

144 1967 289 2029 idque
318 1973 364 2014 et
391 1965 481 2013 sibi
510 1974 558 2014 et
582 1968 764 2014 cunctis
794 1969 1068 2029 egregium,
1100 1966 1142 2013 si
1170 1967 1338 2015 modus
1375 1967 1664 2015 adiceretur.
1718 1979 1815 2012 non

146 2038 271 2085 enim
299 2035 470 2083 eadem
504 2034 685 2084 decora
720 2031 1021 2099 principibus
1048 2035 1163 2083 viris
1208 2044 1256 2083 et
1293 2036 1570 2099 imperatori
1605 2034 1808 2097 popu10,
1833 2057 1852 2086 5

146 2120 270 2169 quae
296 2104 497 2152 modicis
523 2104 742 2152 domibus
768 2112 847 2152 aut
873 2105 1161 2153 civitatibus.
1208 2106 1498 2152 convenisse
1523 2105 1709 2152 recenti
1729 2103 1813 2150 do-

146 2176 240 2224 lori
266 2175 443 2223 luctum
470 2181 518 2221 et
544 2189 606 2221 ex
633 2188 855 2222 maerore
882 2174 1088 2229 solacia;
1128 2174 1216 2222 sed
1249 2173 1556 2222 referendum
1594 2175 1686 2221 iam
1716 2173 1812 2220 ani-

144 2259 270 2292 mum
295 2243 354 2292 ad
379 2244 734 2301 firmitudinem,
777 2250 826 2291 ut
862 2244 1101 2307 quondam
1128 2243 1263 2292 divus
1292 2242 1439 2291 Iulius
1471 2243 1645 2290 amissa
1674 2242 1814 2290 unica

147 2314 270 2375 filia,
297 2320 348 2360 ut
374 2313 510 2360 divus
541 2313 787 2375 Augustus
816 2314 998 2376 ereptis
1023 2312 1282 2376 nepotibus
1321 2311 1635 2361 abstruserint
1669 2313 1811 2359 tristi-

144 2384 272 2432 tiam.
317 2383 383 2430 nil
409 2397 531 2445 opus
558 2381 900 2430 vetustioribus
930 2382 1195 2445 exemplis,
1231 2383 1452 2446 quotiens
1478 2381 1688 2444 populus
1715 2379 1810 2428 Ro·
1832 2396 1871 2427 ιο

146 2467 310 2501 manus
343 2451 510 2500 clades
536 2452 850 2513 exercituum,
879 2453 1117 2500 interitum
1142 2451 1340 2513 ducum,
1378 2451 1587 2499 funditus
1614 2450 1814 2497 amissas

146 2521 338 2569 nobiles
363 2520 568 2569 familias
595 2529 871 2570 constanter
907 2522 1085 2569 tulerit.
1137 2522 1387 2584 principes
1422 2519 1681 2577 mortales,
1714 2533 1814 2565 rem

146 2590 388 2655 publicam
420 2597 664 2637 aeternam
691 2605 819 2638 esse.
870 2592 1011 2654 proin
1037 2598 1321 2654 repeterent
1341 2590 1607 2648 sollemnia,
1636 2595 1683 2634 et
1704 2588 1812 2650 quia

149 2660 368 2708 ludorum
391 2658 707 2721 Megalesium
732 2660 1063 2722 spectaculum
1097 2659 1318 2720 suberat,
1363 2660 1503 2705 etiam
1537 2657 1811 2719 voluptates

149 2737 466 2776 resumerent.
1527 2783 1531 2789 ι
1830 2739 1869 2770 15

254 2801 302 2847 7.
345 2798 461 2846 Tum
493 2806 638 2847 exuto
667 2799 844 2846 iustitio
873 2797 1074 2846 reditum
1100 2797 1158 2844 ad
1183 2798 1364 2857 munia,
1405 2804 1452 2844 et
1479 2796 1662 2844 Drusus
1699 2794 1812 2853 Illy-

150 2868 281 2915 ricos
311 2867 368 2916 ad
396 2869 640 2915 exercitus
670 2867 914 2930 profectus
943 2873 1042 2928 est,
1074 2867 1250 2914 erectis
1286 2866 1489 2914 omnium
1526 2867 1689 2914 animis
1724 2879 1816 2928 spe

222 2953 374 2984 TAcrm
398 2954 513 2984 PARS
541 2953 576 2985 Ι.
1516 2938 1546 2984 6
