1976 3224
237 201 340 254 248
672 214 947 254 CORNELII
970 217 1164 255 'rAmTl
1186 211 1491 259 ANNALIUM

235 343 368 392 ribus
395 343 573 391 finitum
602 343 994 408 permittebatur,
1021 348 1110 395 nisi
1131 347 1308 398 Paetus
1331 346 1544 398 Thrasea
1573 358 1741 400 contra
1769 351 1910 402 dixis-

236 420 310 462 set
346 411 748 478 praebuissetque
784 417 1029 464 materiem
1065 416 1476 467 obtrectatoribus
1502 419 1780 482 arguendae
1805 437 1911 471 sen·

197 502 218 533 5
235 483 430 531 tentiae.
484 497 570 531 cur
595 485 718 532 enim
735 523 749 547 ,
788 485 828 532 si
856 499 956 533 rem
985 485 1222 551 publicam
1245 501 1396 551 egere
1423 486 1645 537 libertate
1672 493 1912 542 senatoria

236 552 483 617 crederet,
522 561 615 602 tam
653 553 778 602 levia
809 554 1208 606 consectaretur?
1242 558 1353 622 quin
1389 557 1449 606 de
1493 556 1624 606 bello
1664 568 1742 608 aut
1770 576 1912 625 pace,

235 623 294 672 de
323 622 643 687 vectigalibus
669 632 716 672 et
746 623 964 688 legibuS,
1007 626 1274 691 quibusque
1313 626 1418 675 aliis
1445 642 1532 677 res
1555 627 1770 679 Romana
1799 645 1910 680 con-

233 695 492 756 tineretur,
532 691 759 743 suaderet
785 693 1184 745 dissuaderetve?
1228 696 1381 746 licere
1408 697 1648 761 patribus,
1690 702 1913 764 quotiens

232 765 306 811 ius
326 762 559 811 dicendae
586 765 855 813 sententiae
884 766 1222 831 accepissent,
1259 781 1381 832 quae
1408 766 1591 816 vellent
1619 783 1912 834 expromere

174 851 214 883 ιο
234 832 618 897 relationemque
640 834 686 881 in
707 848 765 883 ea
786 834 1050 898 postulare.
1088 851 1148 885 an
1169 835 1323 885 solum
1347 837 1679 887 emendatione
1701 838 1911 904 dignum,

230 918 291 951 ne
323 903 578 964 Syracusis
606 903 886 967 spectacula
914 904 1096 968 largius
1124 904 1408 955 ederentur:
1438 914 1600 956 cetera
1629 923 1718 972 per
1743 923 1913 958 omnes

231 974 419 1037 imperii
465 981 631 1037 partes
678 973 879 1038 perinde
933 977 1168 1039 egregia,
1232 990 1370 1039 quam
1417 977 1456 1024 si
1503 990 1598 1025 non
1642 977 1776 1027 Nero
1824 978 1911 1028 sed

231 1043 445 1092 Thrasea
492 1044 711 1106 regimen
751 1058 917 1092 eorum
951 1043 1173 1094 teneret?
1226 1044 1355 1109 quod
1393 1047 1432 1094 si
1467 1061 1645 1096 summa
1690 1047 1908 1097 dissimu-

229 1113 408 1161 latione
437 1114 884 1176 transmitterentur,
921 1122 1098 1179 quanto
1119 1116 1273 1178 magis
1301 1115 1518 1164 inanibus
1545 1115 1911 1167 abstinendum?

171 1196 212 1230 15
230 1182 445 1231 Thrasea
475 1190 672 1245 contra,
710 1183 944 1232 rationem
973 1184 1288 1249 poscentibus
1317 1186 1482 1235 amicis
1501 1224 1514 1249 ,
1556 1201 1651 1234 non
1680 1202 1908 1250 praesen-

203 1254 338 1307 ‚tium
365 1253 583 1314 ignarum
610 1252 941 1316 respondebat
967 1256 1069 1303 eius
1097 1254 1223 1304 modi
1259 1256 1478 1304 consulta
1513 1259 1763 1320 corrigere
1783 1295 1796 1318 ,
1822 1256 1908 1306 sed

227 1328 412 1386 patrum
439 1321 613 1370 honori
645 1321 788 1384 dare,
833 1331 881 1372 ut
922 1325 1222 1373 manifestum
1262 1326 1400 1374 fleret
1437 1340 1711 1388 magnarum
1753 1341 1909 1375 rerum

229 1406 388 1440 curam
425 1405 521 1439 non
555 1390 965 1457 dissimulaturos,
1005 1396 1084 1458 qui
1125 1395 1326 1443 animum
1371 1397 1510 1444 etiam
1546 1395 1804 1444 levissimis
1829 1396 1907 1446 ad·

228 1469 493 1510 verterent.

334 1531 417 1580 50.
460 1530 645 1579 Eodem
685 1546 808 1580 anno
859 1532 1044 1582 crebris
1091 1535 1258 1598 populi
1311 1535 1713 1600 flagitationibus,
1759 1537 1906 1585 inmo-

227 1601 423 1650 destiam
461 1601 826 1665 publicanorum
863 1603 1138 1666 arguentis,
1177 1603 1408 1653 dubitavit
1441 1604 1602 1667 Ner0,
1641 1619 1699 1654 an
1737 1612 1907 1654 cuncta

224 1670 486 1734 vectigalia
524 1672 674 1719 omitti
713 1672 899 1721 iuberet
937 1673 1080 1736 idque
1120 1673 1491 1737 pulcherrimum
1532 1673 1705 1722 donum
1734 1675 1907 1737 generi

224 1740 496 1789 mortalium
537 1741 688 1788 daret.
757 1741 841 1789 sed
883 1744 1107 1806 impetum
1148 1744 1279 1806 eius,
1316 1742 1510 1791 multum
1546 1744 1682 1807 prius
1717 1743 1906 1794 laudata

184 1809 550 1872 smagnitudine
591 1811 760 1872 animi,
808 1812 1042 1860 attinuere
1094 1820 1373 1875 senatoreS,
1420 1812 1783 1862 dissolutionem
1822 1815 1903 1862 im·

224 1880 348 1945 perii
380 1877 631 1942 docendo,
669 1881 709 1928 si
744 1881 928 1929 fructus
955 1880 1125 1946 quibus
1153 1898 1232 1930 res
1262 1881 1452 1947 publica
1481 1883 1797 1932 sustineretur
1823 1882 1903 1932 de-

223 1951 573 1998 minuerentur:
616 1951 797 2015 quippe
826 1949 1027 1999 sublatis
1054 1954 1283 2015 portoriis
1309 1967 1518 2017 sequens
1546 1959 1595 2000 ut
1620 1952 1903 2001 tributorum

225 2018 423 2068 abolitio
461 2019 868 2085 expostularetur.
935 2021 1197 2085 plerasque
1239 2021 1547 2084 vectigalium
1590 2023 1851 2071 societates
1876 2037 1902 2070 a

224 2087 504 2139 consulibus
542 2096 589 2138 et
626 2090 827 2138 tribunis
867 2090 1024 2156 plebis
1063 2092 1344 2139 constitutas
1382 2092 1482 2139 acri
1519 2092 1657 2140 etiam
1698 2098 1791 2139 tum
1816 2105 1903 2156 po-

165 2173 206 2206 ¹0
231 2158 329 2225 puli
372 2159 575 2208 Romani
619 2160 867 2218 libertate3
912 2160 1100 2225 reliqua
1143 2175 1254 2209 mox
1299 2162 1360 2209 ita
1412 2161 1637 2224 provisa,
1686 2167 1734 2209 ut
1778 2162 1902 2210 ratio

225 2235 505 2293 quaestuum
548 2236 594 2277 et
636 2231 906 2278 necessitas
943 2231 1280 2293 erogationum
1328 2231 1451 2278 inter
1486 2245 1541 2278 se
1587 2238 1901 2293 congrueret.

222 2298 560 2362 temperandas
598 2299 741 2362 plane
779 2299 1139 2363 publicanorum
1178 2300 1453 2363 cupidines,
1490 2315 1548 2347 ne
1587 2314 1675 2364 per
1710 2307 1780 2348 tot
1819 2315 1902 2348 an·

222 2381 311 2415 nos
338 2367 440 2414 sine
464 2368 679 2431 querella
706 2369 883 2416 tolerat
905 2371 1072 2416 anovis
1093 2369 1437 2418 acerbitatibus
1465 2369 1523 2417 ad
1550 2368 1771 2417 invidiam
1794 2383 1900 2417 ver-

222 2443 394 2485 terent.

332 2506 414 2555 51.
454 2505 591 2569 Ergo
630 2505 778 2554 edixit
823 2507 1081 2572 princepS,
1135 2515 1181 2555 ut
1231 2508 1370 2570 leges
1423 2508 1651 2572 cuiusque
1701 2507 1897 2572 publici,

221 2575 446 2624 occultae
476 2575 534 2624 ad
573 2575 618 2624 id
648 2583 863 2640 tempuS,
903 2576 1363 2641 proscriberentur;
1395 2578 1598 2625 omissas
1643 2577 1898 2640 petitiones

220 2659 314 2693 non
343 2645 464 2694 ultra
494 2660 662 2694 annum
690 2653 1016 2702 resumerent;
1042 2647 1226 2695 Romae
1255 2654 1477 2711 praetor,
1510 2662 1597 2711 per
1623 2647 1898 2709 provincias

222 2716 299 2777 qui
325 2729 429 2778 ,pro
468 2723 696 2779 praetore
728 2723 807 2764 aut
846 2716 1047 2765 consule
1085 2724 1250 2765 essent
1283 2717 1384 2764 iura
1421 2716 1654 2765 adversus
1686 2714 1894 2779 publica-

178 2801 197 2831 5
220 2799 309 2832 nos
339 2791 472 2832 extra
501 2784 716 2833 ordinem
743 2785 1029 2842 redderent;
1058 2786 1283 2835 militibus
1310 2786 1571 2834 immunitas
1599 2792 1894 2852 servaretur,

220 2854 308 2899 nisi
346 2855 389 2900 in
425 2855 481 2901 iis
525 2869 647 2918 quae
687 2869 814 2903 veno
853 2863 1166 2912 exercerent;
1210 2855 1398 2919 aliaque
1434 2852 1682 2902 admodum
1722 2869 1893 2918 aequa,

221 2934 342 2985 quae
380 2921 515 2971 brevi
551 2931 767 2986 servata,
805 2924 912 2971 dein
951 2924 1124 2973 frustra
1163 2925 1323 2973 habita
1360 2930 1480 2971 sunt.
1540 2930 1698 2971 manet
1737 2929 1890 2971 tamen
