1976 3224
662 198 835 235 LIBER
857 198 973 234 xvi.
1005 197 1129 235 CAP.
1152 195 1373 239 28—34.
1742 185 1843 235 329

177 334 341 375 vestes
374 333 423 374 et
447 325 690 389 dignitatis
714 325 917 387 insignia
946 325 1079 389 dedi,
1115 340 1210 389 quo
1241 324 1380 372 modo
1420 326 1459 371 si
1489 323 1769 385 sanguinem
1798 330 1846 372 et

177 398 323 444 vitam
356 397 719 460 poposcissent.
772 394 978 442 viderint
1011 396 1115 457 isti,
1155 394 1358 442 antehac
1393 393 1504 442 mihi
1534 393 1711 455 ignoti,
1749 407 1843 456 quo

177 466 365 513 nomine
390 466 499 528 sint,
522 479 640 528 quas
665 471 794 511 artes
816 471 1102 512 exerceant:
1130 464 1259 512 nulla
1277 463 1386 511 mihi
1412 463 1644 527 principis
1666 462 1843 510 mentio
1869 481 1902 512 ιο

175 535 266 583 nisi
302 535 425 582 inter
449 534 637 581 numina
663 533 765 581 fuit.
817 535 972 581 nescit
998 541 1154 582 tamen
1179 535 1472 581 miserrimus
1513 538 1651 596 pater
1690 538 1762 595 et,
1806 532 1845 579 si

179 605 359 651 crimen
387 610 476 666 est,
508 602 615 651 sola
640 599 856 666 deliqui?

272 672 356 722 32.
406 672 669 736 Loquentis
707 671 860 720 adhuc
901 671 1048 720 verba
1088 673 1268 736 excipit
1305 672 1518 720 Soranus
1556 669 1846 735 proclamat—

175 756 268 806 que
304 755 400 790 non
436 742 565 791 illam
601 743 647 789 in
685 742 980 806 provinciam
1021 756 1182 788 secum
1224 741 1518 804 profectam,
1557 754 1653 788 non
1676 738 1844 788 Plauto

173 825 264 875 per
291 818 497 859 aetatem
525 812 661 860 nosci
691 811 935 875 potuisse,
965 825 1061 857 non
1091 811 1363 858 criminibus
1390 810 1544 858 mariti
1580 823 1843 858 conexam:

172 880 346 928 nimiae
380 886 557 929 tantum
595 881 786 945 pietatis
820 894 952 928 ream
997 887 1304 944 separarent,
1361 887 1502 944 atque
1536 880 1642 943 ipse
1685 893 1843 942 quam-

175 964 376 1013 cumque
405 956 587 998 sortem
612 948 809 997 subiret.
865 949 1000 996 simul
1037 950 1082 996 in
1108 949 1360 1013 amplexus
1387 948 1690 996 occurrentis
1717 947 1844 995 filiae
1865 967 1886 998 s

171 1017 369 1080 ruebat,
409 1019 502 1066 nisi
526 1018 767 1066 interiecti
791 1018 992 1066 lictores
1016 1019 1230 1082 utrisque
1260 1019 1573 1066 obstitissent.
1622 1031 1736 1065 mox
1763 1016 1841 1064 da-

171 1094 247 1136 tus
272 1086 474 1136 testibus
502 1087 665 1142 locus;
705 1095 752 1135 et
773 1095 996 1151 quantum
1021 1087 1383 1136 misericordiae
1415 1087 1615 1135 saevitia
1646 1100 1841 1135 accusa—

170 1156 316 1206 tionis
355 1163 689 1221 permoverat,
725 1163 902 1204 tantum
939 1157 1040 1204 irae
1074 1155 1125 1204 P.
1164 1156 1399 1219 Egnatius
1433 1157 1570 1203 testis
1614 1155 1840 1205 concivit.

173 1226 327 1276 cliens
351 1225 428 1273 hic
458 1226 656 1287 Sorani,
704 1232 750 1273 et
774 1232 886 1273 tunc
914 1232 1101 1290 emptus
1127 1225 1185 1274 ad
1224 1224 1587 1289 opprimendum
1627 1227 1840 1286 amicum,

172 1295 504 1344 auctoritatem
545 1295 739 1343 Stoicae
784 1301 949 1344 sectae
992 1295 1330 1359 praeferebat,
1377 1294 1539 1342 habitu
1579 1301 1625 1342 et
1660 1308 1745 1342 ore
1785 1293 1840 1342 ad
1862 1310 1902 1344 ιο

173 1363 532 1428 exprimendam
579 1365 833 1427 imaginem
870 1363 1061 1412 honesti
1108 1366 1378 1426 exercitus,
1428 1371 1640 1412 ceterum
1687 1363 1841 1412 animo

171 1434 483 1499 perfidiosus,
512 1433 757 1495 subdolus,
787 1434 1030 1482 avaritiam
1061 1449 1115 1482 ac
1143 1433 1386 1481 libidinem
1416 1433 1690 1489 occultans;
1719 1447 1842 1497 quae

171 1510 426 1568 postquam
447 1503 651 1566 pecunia
676 1502 869 1550 reclusa
891 1510 1014 1566 sunt,
1048 1502 1177 1550 dedit
1205 1503 1475 1567 exemplum
1499 1502 1840 1566 praecavendi,

171 1586 268 1636 quo
302 1571 445 1620 modo
471 1571 717 1620 fraudibus
743 1571 987 1620 involutos
1013 1580 1091 1620 aut
1116 1572 1309 1635 flagitiis
1341 1571 1741 1635 commaculatOS,
1772 1572 1842 1619 sic

173 1643 343 1705 specie
371 1640 603 1689 bonarum
633 1642 799 1688 artium
826 1641 979 1689 falsos
1008 1649 1055 1689 et
1082 1642 1318 1689 amicitiae
1343 1641 1564 1690 fallaces.
1860 1662 1901 1694 15

271 1709 353 1760 33.
401 1709 534 1758 Idem
571 1718 728 1757 tamen
765 1710 867 1758 dies
894 1716 940 1758 et
963 1712 1217 1760 honestum
1246 1711 1519 1792 exemplum
1547 1710 1653 1781 tulit
1682 1709 1838 1759 Cassii

169 1777 534 1842 Asclepiodoti,
572 1780 650 1843 qui
677 1779 998 1842 magnitudine
1033 1795 1177 1846 opum
1204 1782 1495 1846 praecipuus
1533 1766 1657 1828 inter
1682 1779 1841 1840 Bithy-

167 1863 278 1911 nos,
306 1861 400 1911 quo
428 1847 666 1911 obsequio
694 1848 945 1896 florentem
963 1849 1195 1898 Soranum
1220 1850 1574 1910 celebraverat,
1602 1849 1843 1897 labentem

170 1931 269 1968 non
293 1917 525 1980 deseruit,
559 1925 828 1981 exutusque
857 1917 1074 1966 omnibus
1100 1919 1304 1967 fortunis
1327 1926 1374 1967 et
1399 1920 1444 1966 in
1466 1918 1658 1967 exilium
1687 1926 1840 1983 actus,
1903 1952 1929 1974 0

169 1988 414 2051 aequitate
462 1987 599 2035 deum
647 2001 764 2049 erga
814 1986 938 2035 bona
978 1987 1198 2052 malaque
1242 1989 1542 2036 documenta.
1596 1987 1881 2038 Thraseaes

170 2058 458 2121 Soranoque
484 2064 530 2105 et
559 2056 793 2104 Serviliae
835 2056 970 2113 datur
1008 2059 1175 2105 mortis
1214 2057 1471 2107 arbitrium.
1516 2057 1766 2106 Helvidius
1794 2065 1843 2106 et

103 2167 106 2170 .
166 2124 408 2176 Paconius
442 2126 578 2175 Italia
613 2125 932 2190 depelluntur.
993 2126 1245 2175 Montanus
1286 2129 1407 2191 patri
1446 2141 1712 2175 concessus
1753 2135 1842 2190 est,

170 2197 422 2261 praedicto
449 2212 508 2244 ne
535 2197 581 2243 in
607 2211 660 2243 re
686 2194 879 2259 publica
905 2195 1178 2244 haberetur.
1229 2195 1592 2245 accusatoribus
1613 2195 1764 2260 Eprio
1795 2204 1842 2244 et

171 2265 460 2315 Cossutiano
488 2266 837 2330 quinquagiens
873 2266 1144 2314 sestertium
1171 2266 1399 2329 singulis,
1440 2264 1633 2313 Ostorio
1662 2265 1839 2313 duode-

171 2337 305 2384 ciens
337 2343 383 2383 et
410 2335 682 2399 quaestoria
710 2335 913 2397 insignia
936 2335 1219 2383 tribuuntur.
1860 2349 1900 2382 ιο

271 2403 356 2454 34.
407 2404 524 2454 Tum
562 2403 619 2451 ad
655 2403 915 2452 Thraseam
955 2406 1000 2452 in
1035 2403 1192 2453 hortis
1218 2411 1442 2467 agentem
1471 2412 1701 2468 quaestor
1730 2420 1841 2453 con-

172 2474 290 2524 sulis
326 2475 499 2522 missus
534 2481 915 2538 vesperascente
952 2475 1042 2522 iam
1076 2474 1170 2523 die.
1225 2473 1490 2521 inlustrium
1527 2474 1736 2522 virorum
1773 2474 1840 2521 fe·

170 2544 494 2608 minarumque
524 2550 690 2591 coetus
718 2542 999 2606 frequentes
1033 2550 1228 2606 egerat,
1271 2544 1472 2592 maxime
1516 2543 1721 2591 intentus
1747 2542 1839 2590 De·

170 2614 341 2663 metrio
370 2612 580 2674 Cynicae
608 2613 915 2660 institutionis
941 2612 1152 2674 doctori,
1192 2627 1297 2660 cum
1328 2627 1450 2676 quo,
1488 2618 1537 2659 ut
1565 2613 1842 2660 coniectare

172 2690 275 2733 erat
304 2684 563 2731 intentione
589 2681 746 2730 vultus
776 2688 820 2730 et
851 2682 1046 2745 auditiS,
1088 2683 1126 2729 si
1156 2697 1246 2746 qua
1275 2681 1451 2729 clarius
1479 2681 1837 2746 proloqueban-
1863 2696 1882 2727 5

172 2760 271 2817 tur,
319 2752 377 2801 de
416 2759 580 2801 natura
614 2752 796 2800 animae
834 2759 879 2799 et
920 2752 1262 2800 dissociatione
1299 2751 1492 2815 spiritus
1522 2752 1839 2815 corporisque

173 2822 465 2886 inquirebat,
520 2821 676 2870 donec
723 2820 914 2869 advenit
948 2821 1179 2869 Domitius
1215 2819 1518 2870 Caecilianus
1565 2835 1623 2867 ex
1669 2820 1839 2867 intimis

174 2894 339 2940 amicis
380 2899 426 2941 et
464 2892 506 2939 ei
540 2889 649 2954 quid
677 2897 870 2939 senatus
903 2891 1171 2939 censuisset
1198 2891 1438 2953 exposuit.
1497 2891 1642 2948 igitur
1669 2888 1838 2937 flentes
