1976 3224
568 227 742 263 mmm
760 225 841 263 x1.
866 224 990 263 CAP.
1012 222 1209 266 16—20.
1645 211 1744 264 187

67 355 369 405 Germaniam
404 355 714 403 incursavere
748 352 871 400 duce
899 351 1180 414 Gannasco,
1223 352 1301 414 qui
1342 352 1535 400 natione
1568 348 1742 399 Canni-

67 424 235 487 nesaS,
276 423 517 472 auxiliaris
545 430 592 471 et
619 422 696 471 diu
723 423 946 483 meritus,
983 429 1096 486 post
1123 421 1398 483 transfuga,
1437 420 1625 469 levibus
1663 434 1742 470 na-

34 517 38 520 ·
69 495 211 557 vigiis
248 491 614 558 praedabundus
656 491 900 542 Gallorum
935 492 1139 540 maxime
1186 505 1317 539 oram
1355 490 1597 553 vastabat,
1648 500 1779 538 n0n⁵

67 565 265 627 ignarus
296 563 419 612 dites
444 569 492 610 et
517 561 722 610 inbelles
748 576 876 609 esse.
927 568 974 609 at
995 559 1210 609 Corbulo
1239 560 1533 623 provinciam
1554 561 1740 622 ingres-

69 649 151 682 sus
178 648 348 695 magna
374 647 479 681 cum
507 647 619 680 cura
650 639 697 679 ct
722 645 834 679 mox
859 630 1032 693 gloria,
1061 632 1136 679 cui
1164 631 1449 694 principium
1472 629 1553 678 illa
1578 629 1742 677 militia

68 705 180 767 fuit,
206 704 426 751 triremes
451 701 593 750 alveo
619 701 800 762 Rheni,
830 708 1019 749 ceteras
1046 702 1262 762 navium,
1289 708 1337 749 ut
1363 714 1582 764 quaeque
1609 698 1740 748 habi-

69 773 166 836 leS‚
206 787 294 836 per
318 771 556 820 aestuaria
587 778 636 819 et
662 771 822 819 fossas
860 770 1047 832 adegit;
1085 769 1400 834 lintribusque
1427 769 1634 818 hostium
1661 769 1740 817 de-

65 842 254 908 pressis
282 848 330 890 et
364 839 614 889 exturbato
643 840 921 903 Gannasco,
965 839 1042 887 ubi
1067 841 1355 904 ‘praesentia
1391 840 1506 888 satis
1543 849 1799 902 compo-10

67 913 158 961 sita
184 917 313 974 sunt,
340 910 564 973 legiones
592 925 792 975 operum
819 917 866 957 et
883 908 1071 958 laboris
1097 910 1322 972 ignavaS,
1349 908 1743 973 populationibus

67 981 333 1043 laetantes,
371 987 588 1028 veterem
615 980 674 1029 ad
701 994 883 1028 morem
913 979 1126 1042 reduxit,
1158 994 1220 1027 ne
1247 979 1351 1043 quis
1380 980 1569 1041 agmine
1598 978 1741 1028 dece-

68 1051 206 1100 deret
227 1065 318 1099 nec
339 1065 547 1114 pugnam
567 1050 656 1098 nisi
679 1051 835 1097 iussus
856 1050 1011 1097 iniret.
1057 1050 1309 1111 stationeS,
1337 1047 1549 1111 vigiliae,
1576 1048 1743 1097 diurna

68 1124 397 1183 nocturnaque
429 1119 586 1168 munia
619 1121 666 1168 in
703 1120 845 1168 armis
881 1118 1199 1181 agitabantur.
1252 1119 1506 1182 feruntque
1530 1117 1741 1180 militem,

68 1192 179 1255 quia
208 1189 383 1238 vallum
424 1203 519 1237 non
552 1190 825 1250 accinctuS,
867 1194 1010 1252 atque
1038 1188 1205 1251 alium,
1247 1189 1354 1252 quia
1389 1188 1603 1252 pugione
1638 1195 1736 1236 tan·
1758 1206 1799 1239 15

69 1267 165 1308 tum
190 1259 435 1307 accinctus
460 1257 675 1321 foderet,
700 1265 853 1306 morte
881 1259 1089 1321 punitos.
1136 1273 1258 1322 quae
1279 1259 1420 1306 nimia
1440 1265 1488 1306 et
1507 1259 1743 1306 incertum

71 1345 131 1379 an
155 1329 280 1377 falso
307 1329 433 1376 iacta
461 1328 696 1391 originem
720 1335 876 1376 tamen
904 1343 931 1375 e
958 1328 1220 1376 severitate
1252 1327 1387 1376 ducis
1417 1335 1633 1383 traxere3
1672 1328 1739 1375 in—

70 1406 343 1462 tentumque
370 1405 418 1446 et
447 1399 631 1461 magnis
655 1397 844 1446 delictis
877 1396 1228 1446 inexorabilem
1254 1399 1409 1460 sciaS,
1451 1398 1526 1445 cui
1562 1403 1740 1445 tantum

68 1468 345 1532 asperitatis
372 1468 513 1517 etiam
536 1467 769 1517 adversus
795 1467 921 1515 levia
951 1466 1253 1516 credebatur.

214 1537 294 1587 19.
332 1535 594 1586 Ceterum
581 1553 621 1586 is
646 1544 806 1586 terror
832 1537 1007 1585 milites
1030 1537 1331 1601 hostesque'
1320 1551 1365 1584 1n
1392 1537 1632 1585 diversum
1658 1536 1737 1586 ad-

71 1608 211 1657 fecit:
253 1620 342 1655 nos
366 1607 587 1656 virtutem
617 1609 854 1669 auximuS,
893 1606 1084 1656 barbari
1122 1607 1354 1656 ferociam
1379 1606 1642 1669 infregere.
1692 1613 1740 1654 et

71 1678 199 1726 natio
228 1675 517 1741 Frisiorum,
554 1685 666 1742 post
695 1676 1014 1725 rebellionem
1041 1676 1177 1725 clade
1203 1676 1254 1725 L.
1281 1675 1485 1740 Apronii
1516 1683 1739 1741 coeptam

70 1746 257 1795 infensa
279 1752 358 1794 aut
383 1745 510 1796 male
545 1747 662 1810 fida,
702 1747 822 1795 datis
850 1746 1096 1795 obsidibus
1126 1746 1343 1795 consedit
1373 1745 1500 1810 apud
1535 1760 1684 1809 agros
1712 1760 1740 1793 a

73 1815 351 1865 Corbulone
378 1814 678 1880 descriptos:
719 1816 843 1864 idem
870 1824 1112 1878 senatum,
1139 1817 1472 1879 magistratus,
1501 1816 1641 1878 leges
1673 1816 1736 1863 in·
1756 1834 1775 1866 5

72 1885 249 1950 posuit.
302 1899 359 1932 ac
394 1900 455 1933 ne
489 1887 617 1934 iussa
643 1893 913 1947 exuerent,
941 1886 1230 1950 praesidium
1262 1886 1542 1947 immunivit,
1582 1885 1739 1933 missis

72 1956 153 2018 qui
184 1954 392 2002 maiores
421 1953 643 2003 Chaucos
681 1955 740 2003 ad
775 1954 1062 2003 deditionem
1100 1955 1413 2018 pellicerent,
1454 1955 1589 2003 simul
1618 1954 1738 2004 Gan-

73 2037 268 2072 nascum
298 2022 412 2071 dolo
435 2023 830 2087 adgrederentur.
881 2039 972 2072 nec
998 2025 1167 2072 inritae
1199 2031 1278 2072 aut
1313 2023 1588 2086 degeneres
1627 2026 1737 2072 insi-

70 2093 179 2142 diae
206 2092 341 2142 fuere
362 2091 592 2142 adversus
615 2092 905 2156 transfugam
931 2101 978 2142 et
997 2093 1281 2142 violatorem
1304 2093 1428 2141 fidei.
1481 2094 1566 2142 sed
1589 2093 1739 2141 caede

53 2164 176 2217 ¹eius
201 2169 358 2212 motae
380 2161 680 2212 Chaucorum
705 2171 918 2226 menteS,
946 2170 993 2211 et
1014 2161 1227 2211 Corbulo
1256 2163 1434 2210 semina
1455 2162 1736 2211 rebellionis
1756 2181 1796 2214 ιο

76 2230 353 2296 praebebat,
381 2239 430 2280 ut
457 2233 580 2280 laeta
606 2233 728 2296 apud
758 2232 1035 2297 plerosque,
1062 2234 1124 2282 ita
1153 2232 1275 2296 apud
1295 2232 1524 2296 quosdam
1551 2234 1741 2281 sinistra

72 2302 215 2350 fama.
263 2315 346 2349 cur
370 2300 555 2350 hostem
579 2299 829 2350 conciret?
858 2302 1060 2350 adversa
1087 2305 1131 2350 in
1158 2317 1258 2350 rem
1284 2301 1521 2365 publicam
1544 2316 1737 2350 casura:

72 2371 148 2419 sin
184 2384 424 2435 prospere
452 2373 663 2434 egisset,
675 2370 1063 2420 ·formidolosum
1100 2373 1208 2435 paci
1248 2373 1399 2419 virum
1429 2372 1665 2435 insignem
1693 2379 1742 2419 et

74 2441 250 2502 ignavo
283 2441 487 2504 principi
521 2456 855 2504 praegravem.
918 2441 1063 2504 igitur
1091 2441 1317 2490 Claudius
1343 2441 1466 2490 adeo
1494 2455 1667 2489 novam
1695 2441 1741 2487 in

72 2508 350 2558 Germanias
388 2510 479 2557 vim
516 2510 784 2574 prohibuit,
834 2518 883 2558 ut
923 2511 1095 2559 referri
1133 2511 1370 2575 praesidia
1417 2511 1485 2558 cis
1519 2510 1734 2559 Rhenum
1757 2524 1798 2557 15

0 2615 1 2636 ἢ
74 2577 275 2627 iuberet.

0 2648 2 2725 l

181 2646 263 2697 20.
299 2647 396 2696 Iam
427 2655 584 2697 castra
616 2650 661 2696 in
689 2649 852 2697 hostili
891 2650 998 2697 solo
1025 2650 1240 2697 molienti
1269 2648 1530 2697 Corbuloni
1565 2663 1652 2695 eae
1687 2647 1739 2696 li·

75 2722 209 2765 terae
243 2717 518 2766 redduntur.
575 2718 656 2766 ille
694 2733 747 2766 re
788 2718 968 2780 subita,
1008 2733 1286 2782 quamquam
1320 2717 1465 2766 multa
1505 2717 1642 2764 simul
1671 2716 1741 2765 of·

0 2785 3 2812 ³
77 2784 411 2850 funderentur,
449 2794 602 2835 metus
637 2803 698 2835 ex
735 2756 1040 2851 inperatore,
1078 2788 1369 2850 contemptio
1409 2801 1471 2834 ex
1507 2785 1742 2849 barbaris,

0 2843 5 3132 l

1 3173 5 3224 l

78 2852 328 2903 ludibrium
364 2856 490 2920 apud
527 2857 720 2919 sociOS,
767 2855 881 2904 nihil
917 2856 1044 2904 aliud
1082 2856 1362 2920 prolocutus
1402 2870 1540 2919 quam
1574 2856 1744 2905 beatos

81 2922 316 2984 quondam
348 2924 496 2975 duces
529 2925 796 2988 Romanos,
835 2926 1021 2988 signum
1055 2927 1272 2991 receptui
1307 2924 1452 2973 dedit.
1515 2933 1564 2973 ut
1590 2933 1785 2974 tamens
