1982 3216
159 180 210 222 v1
624 181 1079 220 COMMENTARIUS
1112 157 1390 221 ‘emmens

144 320 310 374 gastae
350 327 473 360 corr.
516 327 578 359 ex
615 319 810 372 augusta
848 314 917 359 vel
954 319 1179 373 augustu,
1217 321 1266 360 ut
1292 315 1486 361 videtur.
1541 318 1598 362 F.
1649 317 1725 364 W.
1761 315 1856 363 octo

142 386 328 430 contulit
346 391 368 432 1
385 418 398 442 ,
427 390 484 433 53
511 383 832 443 Sempronium
857 397 1021 429 nomen
1039 418 1052 440 ,
1078 389 1131 441 2,
1163 389 1219 432 52
1237 384 1420 429 Furium
1445 399 1637 445 nomen,
1663 387 1854 446 Lampr.

141 457 274 502 Alex.
303 453 404 499 Sev.
441 460 465 501 1
499 453 757 511 Augustum
788 466 981 510 nomen,
1019 452 1139 498 Plin.
1171 454 1288 500 Pan.
1314 458 1373 502 84
1402 468 1661 512 cognomen
1694 455 1854 516 Augu·

141 530 259 570 stum
306 517 314 587 Ι
359 529 386 572 9
415 523 604 569 urbanis
633 523 895 581 quingenos
923 522 1115 581 Sauppe
1130 528 1241 581 post
1264 523 1390 570 milia
1416 525 1524 568 add.
1539 543 1554 575 ;
1578 525 1856 584 legionariis

142 593 279 651 CCC,
320 593 592 638 cohortibus
620 592 790 638 civium
810 593 890 637 Ro.
920 592 1107 637 CCCCC
1133 606 1338 638 nummos
1369 594 1430 644 G‚·
1457 609 1499 640 v.
1525 594 1582 639 de
1609 596 1705 640 loeo
1724 598 1858 640 etiam

139 663 213 708 He
236 666 282 707 in
314 662 476 707 Philol.
505 662 596 720 ΙΙΙ,
632 667 717 710 154
766 656 773 724 Ι
825 666 924 708 aut:
963 667 1101 720 atque
1130 663 1343 718 Brotier,
1385 668 1534 710 autem
1555 664 1600 710 B
1642 658 1651 729 Ι
1696 671 1749 713 11
1779 665 1858 724 qui

140 733 249 776 add.
284 733 381 787 Bz,
416 734 506 777 nisi
531 734 686 792 potius
720 737 826 776 ante
866 731 957 777 visi
994 733 1247 783 intercidit3
1289 738 1450 778 eontra
1498 734 1731 792 Wopkens
1765 733 1856 780 visi

139 802 312 847 delevit.
374 800 435 846 In
468 804 687 846 sententia
722 802 913 846 relativa
938 802 1055 846 inest
1077 802 1293 847 obiectum
1327 803 1452 848 verbi
1480 817 1725 850 censuere.
1761 799 1770 867 Ι
1801 807 1858 852 26

138 872 418 930 inprospera
443 871 661 931 repetita,
688 884 772 916 em.
794 863 862 934 L}
890 868 940 929 9,
971 875 1026 917 12
1057 872 1161 917 dum
1190 871 1240 916 M
1250 892 1262 916 .-
1289 877 1398 917 tunc
1419 869 1495 935 (ut
1513 872 1575 929 R,
1603 878 1710 918 tunc
1730 877 1779 918 ut
1796 873 1856 927 B,

139 955 240 986 cum
265 941 359 998 He)
393 935 401 1004 Ι
435 947 488 989 15
512 946 562 986 ut
585 955 671 986 om.
707 935 715 1006 Ι
751 939 843 998 10,
878 946 931 989 19
965 940 1108 987 iulios
1141 935 1149 1006 Ι
1180 947 1238 990 20
1264 942 1460 988 adducta
1493 941 1500 1002 Ι
1532 947 1587 991 21
1617 942 1671 997 Q.
1709 941 1856 988 Victo—

137 1013 263 1055 rius.-
291 1025 380 1068 que
411 1007 527 1072 (que
549 1011 664 1056 tedii
693 1016 739 1056 et
764 1011 850 1056 del.
882 1009 1158 1068 Mommsen,
1196 1011 1244 1057 0.
1273 1011 1399 1058 Matii
1427 1017 1474 1057 et
1499 1013 1564 1070 F,
1593 1011 1646 1067 Q.
1680 1011 1856 1058 Alledii

137 1080 186 1126 C.
208 1080 262 1124 L.
286 1079 408 1125 Roth
433 1093 496 1125 ex
521 1079 682 1127 quen.
705 1081 773 1139 V,
799 1075 909 1139 118)
943 1074 950 1143 Ι
983 1085 1040 1129 23
1061 1082 1254 1139 grauius

285 1146 375 1207 11,
404 1155 457 1199 17
486 1150 741 1208 vectigalia
773 1155 819 1195 et
846 1150 1155 1197 necessitates
1180 1153 1279 1196 sine
1308 1157 1526 1196 commate
1555 1151 1606 1196 N
1624 1156 1667 1197 et
1684 1151 1784 1202 He‚·
1809 1157 1858 1196 at

136 1219 408 1265 cohaerent.-
445 1233 559 1279 opes
586 1220 803 1279 publicae
830 1220 1184 1267 continebantur
1212 1258 1221 1267 .
1252 1255 1262 1264 .
1295 1225 1342 1266 et
1365 1221 1701 1279 necessitates,
1737 1234 1858 1280 quae

136 1291 373 1335 interiecta
392 1295 519 1343 sunt,
534 1294 700 1348 partes
719 1294 825 1335 sant
843 1303 979 1348 opum
999 1290 1311 1348 publicarum.

281 1356 375 1417 12,
414 1366 470 1406 10
499 1359 584 1404 sed
621 1365 695 1404 et:
733 1360 819 1405 sed
846 1364 894 1403 ut
918 1359 985 1410 L‚-
1010 1363 1058 1404 at
1081 1374 1119 1404 v.
1142 1361 1187 1406 D
1230 1356 1238 1422 Ι
1279 1367 1333 1408 15
1369 1361 1601 1420 uipstania

279 1426 370 1487 13,
408 1433 433 1477 7
458 1426 517 1473 Μ’
546 1429 586 1473 L
612 1434 654 1474 et
679 1429 931 1488 Boryhesi:
961 1443 1016 1474 m.
1063 1423 1070 1493 Ι
1119 1435 1172 1477 14
1209 1435 1347 1489 caput
1386 1429 1458 1475 R.-
1494 1430 1615 1489 apud
1654 1431 1700 1474 te
1738 1425 1854 1490 (non

136 1513 242 1544 esse
279 1504 418 1558 caput
454 1505 499 1543 te
527 1499 597 1543 rei
632 1513 677 1557 p.
700 1499 761 1552 L)
807 1492 815 1561 Ι
857 1505 911 1547 25
940 1504 1160 1557 etusque,
1190 1512 1274 1544 em.
1297 1499 1336 1544 L

282 1567 372 1626 14,
401 1575 426 1617 5
465 1569 511 1612 in
550 1568 623 1613 his
671 1562 678 1632 Ι
724 1566 815 1626 15,
857 1575 906 1616 11
941 1569 1057 1614 annu
1094 1569 1179 1626 ad,
1213 1581 1297 1613 em.
1325 1570 1382 1614 A.
1412 1570 1693 1628 Auyuslinus
1723 1573 1769 1613 et
1806 1568 1854 1624 L,

134 1651 330 1683 annuum
358 1638 415 1683 ad
441 1638 514 1694 R,
549 1634 752 1698 [annum]
795 1639 852 1683 ad
879 1638 965 1695 Ri,
1001 1644 1108 1697 post
1148 1652 1312 1684 annum
1345 1639 1402 1685 ad
1425 1639 1521 1693 He,
1563 1651 1760 1697 agonum
1797 1637 1855 1683 ad

139 1707 296 1766 Berylc
327 1701 334 1770 Ι
373 1703 455 1765 16,
477 1712 503 1756 6
530 1712 608 1753 aut
631 1708 848 1765 gaudium
867 1707 925 1752 M
944 1709 1128 1753 seclusit
1137 1726 1151 1759 ;
1176 1713 1224 1752 at
1250 1710 1316 1753 ait
1339 1709 1526 1753 Tacitus
1553 1709 1682 1753 solita
1701 1709 1855 1752 mania

134 1778 227 1821 alia
255 1777 308 1822 ob
341 1779 554 1822 iustitium
580 1778 673 1821 alia
707 1778 764 1822 ab
795 1778 1011 1835 yaudium
1048 1779 1306 1823 intermissa
1341 1790 1464 1827 esse;
1492 1776 1559 1837 ef.
1597 1783 1620 1824 1
1638 1811 1652 1834 ,
1683 1782 1738 1825 55
1764 1776 1855 1821 Ar-

133 1847 320 1891 minium
346 1860 399 1892 ae
427 1847 689 1905 Segestem,
716 1846 947 1905 insignem
970 1852 1213 1905 utrumque
1239 1848 1435 1906 perfidia
1466 1847 1512 1891 in
1540 1860 1624 1893 nos
1651 1851 1727 1892 aut
1748 1846 1854 1891 fide.

133 1921 189 1972 4,
226 1920 280 1964 47
321 1917 445 1974 quod
483 1930 647 1974 magna
685 1917 757 1962 vis
793 1921 965 1962 armata
1009 1921 1085 1962 aut
1118 1917 1354 1962 incondita
1393 1917 1622 1962 tuebatur.
1686 1920 1768 1972 12,
1799 1919 1855 1962 12

134 1985 360 2030 militares
394 1991 518 2031 artes
560 2000 645 2045 per
683 1986 825 2032 otium
851 1986 1040 2043 ignotae
1065 1985 1415 2045 industriosque
1442 1991 1519 2030 aut
1542 1986 1739 2044 ignavos
1763 1998 1855 2043 pax

134 2055 180 2100 in
207 2068 358 2113 aequo
388 2059 541 2112 tenet,
577 2055 655 2100 ubi
685 2069 725 2100 v.
753 2055 894 2113 Nz'pp.
932 2060 974 2114 et
1006 2055 1197 2100 eundem
1236 2055 1299 2100 ad
1320 2071 1387 2102 vv.
1419 2056 1578 2101 matris
1618 2059 1695 2100 aut
1720 2053 1853 2099 aviae

133 2129 216 2181 13,
251 2129 321 2173 43.
378 2125 446 2169 Ae
472 2127 671 2183 proprio
706 2126 903 2183 quodam
941 2137 1030 2169 usu
1059 2125 1243 2170 Tacitus
1267 2127 1334 2170 sic
1367 2127 1498 2170 etiam
1536 2129 1614 2170 aut
1640 2126 1852 2179 usurpat,
1884 2126 1899 2140 ’

133 2197 182 2238 ut
212 2193 318 2251 fere
343 2194 458 2238 idem
484 2195 543 2238 sit
563 2195 689 2253 quod
731 2195 805 2239 ‘et
832 2194 1089 2251 vicissim',
1127 2199 1176 2239 ut
1198 2199 1264 2240 est
1291 2199 1346 2251 2,
1371 2199 1426 2243 47
1460 2193 1628 2252 quique
1655 2191 1852 2237 Mosteni

134 2267 212 2308 aut
231 2263 511 2308 Macedones
539 2263 742 2320 Hyrcani
772 2269 1025 2321 vocantur,
1051 2276 1184 2322 quem
1208 2265 1351 2309 locum
1381 2263 1428 2308 N
1449 2264 1666 2307 immerito
1690 2261 1853 2306 sollici-

132 2334 263 2382 tavi&
306 2332 410 2377 add.
442 2339 522 2390 15,
555 2337 610 2381 47
652 2333 758 2392 quia
795 2334 842 2378 in
878 2338 1011 2378 utero
1049 2346 1313 2392 repressum
1354 2338 1431 2379 aut
1468 2332 1559 2377 iter
1590 2332 1717 2377 iuxta
1752 2329 1853 2375 edi-

132 2407 223 2446 tum
252 2402 338 2459 sit,
369 2404 525 2460 inquo
554 2404 648 2448 loco
685 2405 787 2447 item
820 2402 1091 2447 haesitatum
1125 2407 1204 2448 est.
1242 2403 1306 2462 ef.
1346 2403 1400 2447 de
1429 2409 1477 2460 l,
1507 2407 1562 2450 16
1596 2403 1728 2446 etiam
1764 2399 1850 2444 Ur-

132 2471 246 2516 lichs
280 2473 327 2515 in
352 2485 398 2516 n.
431 2485 539 2516 arm.
563 2473 681 2530 phil.
717 2478 760 2517 et
790 2473 926 2530 paed.
963 2474 1046 2517 vol.
1073 2477 1153 2529 69,
1179 2477 1235 2521 60
1279 2469 1285 2535 Ι
1334 2477 1388 2519 14
1415 2470 1649 2530 delapsis,
1689 2482 1773 2514 em.
1800 2466 1856 2512 M

277 2539 371 2598 17,
407 2546 433 2587 2
470 2542 951 2599 conditionabundus,
989 2555 1081 2599 em,
1103 2542 1147 2585 R
1190 2537 1196 2601 Ι
1240 2547 1266 2590 9
1293 2541 1537 2586 tendentes
1567 2538 1663 2585 JG:
1699 2542 1849 2583 tentes

135 2605 370 2670 (retentos
397 2608 466 2672 B)
512 2604 519 2674 Ι
567 2616 619 2658 21
651 2612 835 2670 accepit
871 2611 1164 2670 (acciperent
1189 2611 1280 2666 Fa)

277 2677 357 2737 18,
376 2685 405 2728 8
426 2681 729 2739 operantibus
753 2681 791 2725 G
812 2676 818 2743 Ι
846 2677 927 2737 19,
955 2687 978 2728 1
1007 2681 1338 2738 aggerebatur,
1360 2693 1445 2725 em.
1479 2679 1577 2724 Wr.
1598 2677 1848 2734 Caespitem

133 2755 390 2807 congestum
418 2762 515 2794 esse
539 2753 628 2794 iam
655 2764 803 2808 supra
828 2763 868 2794 c.
898 2755 952 2798 18
978 2751 1148 2794 dictum
1172 2755 1260 2803 est,
1298 2751 1531 2808 maqisque
1558 2746 1763 2792 convenit
1795 2745 1850 2787 iis

130 2831 251 2876 quae
276 2825 526 2877 sequuntur
565 2819 748 2864 verbum
776 2820 1031 2878 ayyerandi
1064 2833 1202 2877 quam
1231 2818 1493 2878 adqerendi.
1552 2816 1648 2870 Quo
1674 2813 1852 2859 accedit

131 2889 256 2946 quod
275 2887 505 2933 Medieeus
521 2891 708 2946 primus
732 2901 913 2947 semper
937 2889 1070 2933 habet
1095 2888 1323 2945 adgerere
1352 2884 1423 2947 (2,
1451 2891 1531 2938 57;
1560 2892 1603 2942 3,
1631 2882 1733 2944 67),
1765 2882 1849 2926 ad-
