1976 3224
139 153 206 207 82
574 163 852 203 OORNELII
880 164 1076 203 TACITI
1095 165 1396 203 ANNALIUM

139 293 381 358 petendae
414 308 441 340 e
468 293 644 341 Pisone
670 292 863 341 ultionis
893 300 941 341 et
966 292 1142 341 crebro
1170 299 1371 356 questu,
1411 291 1541 356 quod
1565 305 1718 353 vagus
1745 290 1814 338 in-

141 363 279 411 terim
308 378 398 426 per
423 376 627 411 amoena
653 361 802 410 Asiae
831 371 975 427 atque
1003 362 1220 428 Achaiae
1245 361 1496 424 adroganti
1528 367 1577 408 et
1607 359 1813 408 subdola

100 455 120 486 5
140 446 274 481 mora
301 432 543 481 scelerum
569 430 885 497 probationes
914 431 1237 480 subverteret.
1307 445 1412 478 nam
1442 429 1685 493 vulgatum
1712 435 1814 477 erat

136 503 354 564 missam,
382 509 430 550 ut
455 502 576 562 dixi,
615 516 641 550 a
681 499 768 549 Cn.
810 503 975 551 Sentio
1013 502 1246 550 famosam
1280 499 1532 564 veneficiis¹
1569 497 1812 548 Martinam

137 571 293 620 subita
318 580 473 620 morte
502 570 740 619 Brundisii
767 573 1054 634 extinctam,
1083 585 1421 635 venenumque
1448 567 1576 618 nodo
1618 568 1815 617 crinium

138 643 242 690 eius
278 641 599 703 occultatum,
650 655 742 690 nec
794 642 892 691 ulla
938 642 986 689 in
1035 654 1247 705 corpore
1287 641 1424 703 signa
1465 639 1638 701 sumpti
1681 636 1815 686 exitii

137 717 355 775 reperta.

243 778 291 828 8.
329 779 394 828 At
434 779 545 829 Piso
586 780 856 844 praemisso
892 780 939 828 in
975 780 1144 829 urbem
1180 779 1278 828 filio
1323 778 1542 841 datisque
1583 775 1815 824 mandatis

136 864 227 913 per
253 864 377 913 quae
407 851 676 914 principem
705 848 918 898 molliret
948 851 1007 899 ad
1040 849 1246 898 Drusum
1278 848 1467 913 pergit,
1513 861 1655 911 quem
1691 844 1815 894 haud

135 918 295 968 fratris
325 920 518 967 interitu
555 926 740 968 trucem
779 933 918 982 quam
954 927 1142 968 remoto
1184 918 1372 967 aemulo
1407 918 1687 981 aequiorem
1725 912 1815 962 sibi

137 988 384 1054 sperabat.
433 988 656 1037 Tiberius
688 1003 784 1053 quo
812 990 1050 1052 integrum
1079 988 1300 1037 iudicium
1330 993 1622 1047 ostentaret,
1670 999 1814 1032 exce-

97 1079 115 1110 5
137 1067 266 1124 ptum
307 1058 509 1107 comiter
550 1060 774 1107 iuvenem
811 1066 949 1106 sueta
990 1073 1108 1121 erga
1145 1058 1271 1106 filios
1309 1056 1590 1106 familiarum
1625 1053 1817 1102 nobiles

137 1128 428 1178 liberalitate
455 1135 617 1191 auget.
672 1127 860 1176 Drusus
886 1127 1079 1190 Pisoni„
1120 1129 1160 1175 si
1185 1141 1300 1175 vera
1335 1126 1496 1174 forent
1531 1139 1655 1189 quae
1687 1124 1815 1172 iace-

136 1205 329 1259 rentur,
373 1199 688 1262 praecipuum
723 1198 771 1244 in
802 1197 976 1247 dolore
1021 1212 1156 1245 suum
1193 1197 1354 1245 locum
1395 1194 1672 1260 respondit:
1727 1192 1816 1240 sed

136 1268 281 1317 malle
307 1267 430 1316 falsa
458 1275 506 1315 et
533 1268 692 1315 inania
716 1281 810 1315 nec
851 1269 1072 1332 cuiquam
1104 1274 1309 1316 mortem
1338 1265 1608 1315 Germanici
1644 1262 1814 1311 exitio-

138 1353 238 1387 sam
265 1351 394 1385 esse.
449 1336 574 1385 haec
597 1337 756 1400 palam
784 1344 832 1385 et
867 1338 1018 1386 vitato
1059 1337 1186 1385 omni
1229 1342 1453 1392 secreto:
1489 1348 1647 1397 neque
1683 1330 1815 1380 dubi-

81 1407 361 1455 rotabantur
387 1407 695 1470 praescripta
725 1406 769 1454 ei
797 1421 822 1454 a
850 1405 1072 1469 Tiberio,
1115 1421 1220 1454 cum
1258 1404 1512 1454 incallidus
1550 1402 1730 1467 alioqui
1769 1407 1816 1452 et

134 1476 294 1525 facilis
320 1477 512 1524 iuventa
542 1475 777 1524 senilibus
807 1482 903 1524 tum
927 1476 1110 1524 artibus
1135 1482 1371 1524 uteretur.

244 1545 294 1595 9.
332 1546 444 1596 Piso
475 1544 752 1594 Delmatico
783 1546 902 1594 mari
926 1547 1150 1594 tramisso
1184 1544 1469 1607 relictisque
1505 1542 1631 1606 apud
1655 1541 1815 1589 Anco·

136 1630 242 1663 nam
269 1614 470 1664 navibus
500 1630 590 1679 per
614 1615 843 1663 Picenum
869 1629 926 1663 ac
952 1629 1066 1663 mox
1091 1613 1371 1663 Flaminiam
1395 1613 1518 1660 viam
1539 1611 1819 1674 adsequitur

136 1685 401 1747 legionem,
428 1699 552 1748 quae
582 1699 610 1732 e
639 1684 881 1732 Pannonia
905 1686 952 1732 in
976 1683 1173 1744 urbem,
1201 1683 1310 1732 dein
1335 1680 1580 1746 praesidio
1618 1680 1817 1728 Africae

139 1753 432 1802 ducebatur:
463 1768 621 1817 eaque
646 1768 728 1801 res
755 1755 932 1816 agitata
956 1752 1251 1816 rumoribuS,
1288 1759 1339 1800 ut
1366 1752 1412 1799 in
1449 1750 1637 1813 agmine
1672 1756 1816 1813 atque

99 1843 119 1874 5
141 1823 313 1871 itinere
342 1822 517 1871 crebro
545 1839 599 1871 se
628 1822 857 1871 militibus
885 1823 1244 1871 ostentavisset.
1291 1821 1351 1870 ab
1373 1819 1568 1883 Narnia,
1595 1818 1817 1867 vitandae

139 1893 421 1956 suspitionis
448 1908 507 1941 an
535 1894 645 1957 quia
670 1892 858 1956 pavidis
887 1892 1089 1941 consilia
1128 1893 1174 1940 in
1205 1892 1390 1940 incerto
1421 1897 1553 1951 sunt,
1595 1887 1724 1937 Nare
1760 1902 1818 1936 ac

137 1976 250 2011 mox
291 1961 457 2010 Tiberi
497 1962 733 2011 devectus
770 1963 899 2010 auxit
934 1962 1069 2025 vulgi
1107 1962 1229 2024 iras,
1279 1961 1389 2024 quia
1431 1973 1602 2007 navem
1636 1956 1816 2006 tumulo

141 2029 402 2080 Caesarum
430 2031 688 2096 adpulerat
715 2031 890 2095 dieque
923 2039 971 2080 et
1009 2033 1114 2095 ripa
1145 2030 1419 2094 frequenti,
1457 2041 1629 2091 magno
1669 2027 1816 2076 clien-

139 2101 253 2149 tium
277 2102 466 2164 agmine
491 2103 619 2167 ipse,
645 2100 928 2149 feminarum
957 2102 1183 2150 comitatu
1210 2100 1436 2149 Plancina
1472 2106 1519 2146 et
1554 2097 1686 2146 vultu
1717 2096 1814 2144 ala·

81 2183 121 2216 10
142 2185 253 2219 cres
287 2171 555 2220 incessere.
617 2171 704 2219 fuit
744 2163 871 2218 inter
910 2171 1211 2218 inritamenta
1247 2168 1455 2217 invidiae
1503 2167 1671 2216 domus
1706 2165 1815 2214 soro

138 2240 374 2288 inminens
402 2240 530 2289 festa
562 2248 732 2289 ornatu
765 2241 1133 2303 conviviumque
1161 2247 1210 2287 et
1241 2238 1417 2303 epulae
1455 2244 1504 2285 et
1531 2234 1815 2285 celebritate

139 2308 237 2356 loci
263 2309 379 2357 nihil
405 2310 664 2357 occultum.

245 2379 326 2429 10.
367 2378 569 2427 Postera
610 2379 686 2427 die
730 2377 973 2426 Fulcinius
1011 2376 1123 2425 Trio
1162 2376 1384 2425 Pisonem
1419 2374 1545 2438 apud
1588 2373 1816 2421 consules

139 2447 417 2512 postulavit.
473 2455 640 2496 eontra
677 2447 903 2502 Vitellius
939 2462 998 2496 ac
1029 2446 1268 2495 Veranius
1295 2446 1545 2508 ceterique
1572 2442 1814 2492 Germani-

143 2532 248 2566 cum
275 2518 485 2566 comitati
510 2516 802 2579 tendebant,
830 2516 986 2565 nullas
1017 2531 1130 2565 esse
1161 2516 1312 2579 partis
1342 2515 1525 2570 Trioni;
1565 2526 1724 2575 neque
1759 2526 1814 2559 se

140 2595 484 2651 accusatoreS,
523 2587 611 2636 sed
640 2600 802 2635 rerum
829 2586 1015 2635 indices
1045 2593 1093 2634 et
1118 2593 1273 2634 testes
1299 2584 1517 2632 mandata
1545 2580 1816 2632 Germanici

102 2657 435 2719 ⁵perlaturos.
497 2657 580 2705 ille
619 2656 812 2705 dimissa
851 2657 952 2705 eius
995 2669 1172 2705 causae
1211 2654 1483 2714 delatione,
1521 2659 1571 2699 ut
1602 2651 1813 2715 priorem

143 2726 284 2774 vitam
312 2734 567 2775 accusaret
594 2725 821 2788 obtinuit,
859 2727 1155 2790 petitumque
1184 2732 1256 2773 est
1281 2739 1306 2772 a
1332 2723 1549 2787 principe
1578 2720 1812 2783 cognitio-

140 2808 249 2842 nem
276 2797 545 2858 exciperet.
593 2796 722 2859 quod
750 2811 809 2843 ne
839 2811 952 2846 reus
976 2796 1166 2859 quidem
1186 2792 1442 2854 abnuebat,
1470 2790 1623 2839 studia
1646 2788 1814 2852 populi

141 2869 189 2911 et
225 2870 410 2927 patrum
446 2872 692 2913 metuens:
740 2872 904 2914 contra
940 2864 1180 2914 Tiberium
1216 2861 1502 2927 spernendis
1543 2857 1813 2911 rumoribus
