1976 3224
442 203 617 241 LIBER
647 203 722 241 vt.
765 202 889 241 CAP.
918 201 1104 245 18—23
1131 192 1383 259 (12—17).
1665 192 1759 242 161

107 335 340 398 virginum
367 340 515 394 aetas,
540 331 591 379 L.
621 330 866 394 Cassium,
894 332 957 381 Μ.
991 331 1227 381 Vinicium
1262 331 1398 394 legit.
1453 327 1645 379 Vinicio
1675 345 1764 395 rop-

108 404 328 470 pidanum
353 417 530 465 genus:
560 399 754 450 Calibus
780 409 930 464 ortus,
960 409 1094 465 patre
1124 408 1265 464 atque
1292 415 1384 449 avo
1418 400 1766 463 consularibuS,

108 482 270 523 cetera
301 473 511 536 equestri
538 471 716 519 familia
740 478 868 534 erat,
905 473 1027 519 mitis
1059 471 1254 533 ingenio
1282 478 1329 519 et
1356 477 1577 535 comptae
1605 470 1767 518 facun-
1792 481 1809 511 5

100 544 228 592 diae.
285 541 480 592 Cassius
511 539 690 604 plebeii
723 542 906 590 Romae
930 542 1155 604 generiS,
1195 555 1361 588 verum
1401 540 1578 605 antiqui
1615 541 1767 589 hono·

103 614 304 676 ratique,
333 619 380 659 et
405 625 576 659 severa
610 613 759 675 patris
784 611 1037 676 disciplina
1073 609 1271 659 eductus
1307 606 1541 658 facilitate
1577 611 1769 675 saepius

103 697 245 747 quam
269 680 496 730 industria
533 681 967 730 commendabatur.
1016 679 1127 728 huic
1157 679 1446 744 Drusillam,
1478 680 1669 729 Vinicio
1697 679 1769 729 Iu-

104 753 215 801 liam
249 751 533 801 Germanico
568 752 757 812 genitas
802 751 1049 814 coniungit
1092 765 1334 815 superque
1388 765 1446 799 ea
1489 765 1543 798 re
1589 749 1772 798 senatui

104 820 299 884 scribit,
341 820 436 869 levi
475 835 579 868 cum
618 819 804 869 honore
841 822 1077 869 iuvenum.
1129 819 1240 868 dein
1281 819 1480 869 redditis
1524 818 1770 879 absentiae
1789 827 1829 860 10

107 893 265 940 causis
301 889 550 938 admodum
586 892 726 953 vagis
763 890 896 939 flexit
931 889 990 937 ad
1026 892 1253 953 graviora
1293 898 1340 938 et
1375 890 1668 939 offensiones
1707 888 1768 938 ob

105 976 206 1010 rem
236 959 474 1026 publicam
502 966 726 1023 coeptaS,
758 967 902 1024 utque
937 960 1103 1008 Macro
1148 960 1424 1024 praefectus
1458 959 1769 1008 tribunorum-

107 1046 200 1095 que
224 1037 271 1079 et
299 1030 626 1078 centurionum
655 1031 795 1094 pauci
827 1045 990 1078 secum
1018 1031 1295 1092 introirent,
1333 1030 1552 1093 quotiens
1593 1031 1771 1078 curiam

106 1099 455 1163 ingrederetur,
485 1100 672 1163 petivit.
722 1099 954 1164 factoque
982 1099 1122 1162 large
1156 1107 1204 1147 et
1246 1101 1348 1148 sine
1387 1100 1771 1164 praescriptione

105 1171 304 1234 generis
327 1177 406 1217 aut
436 1169 617 1216 numeri
659 1178 850 1218 senatus
888 1169 1110 1218 consulto
1146 1185 1206 1228 ne
1237 1177 1366 1218 tecta
1401 1169 1590 1234 quidem
1621 1169 1768 1230 urbis,
1793 1179 1831 1211 15

106 1239 230 1288 adeo
259 1238 499 1303 publicum
536 1239 786 1286 consilium
824 1254 1074 1303 numquam
1117 1238 1255 1302 adiit,
1299 1239 1452 1287 deviis
1493 1239 1772 1304 plerumque

107 1307 595 1373 ilissfflbffissmbiesss
622 1311 819 1372 patriam
852 1317 898 1357 et
924 1309 1188 1357 declinans.

215 1380 298 1429 22.
335 1379 524 1427 Interea
560 1393 733 1441 magna
771 1381 846 1427 vis
881 1386 1213 1427 accusatorum
1247 1379 1293 1426 in
1333 1393 1418 1427 eos
1452 1380 1654 1442 inrupit,
1693 1379 1768 1441 qui
1783 1380 1831 1425 1ss

31 1487 33 1489 .
61 1442 76 1507 ἶ,
110 1450 339 1514 pecunias
363 1448 562 1496 faenore
590 1448 880 1497 auctitabant
905 1448 1156 1498 adversum
1190 1449 1353 1511 legem
1379 1448 1627 1496 dictatoris
1656 1446 1774 1495 Cae-

108 1520 249 1579 saris,
278 1533 369 1583 qua
394 1518 454 1566 de
479 1518 620 1567 modo
649 1518 877 1568 credendi
903 1518 1279 1584 possidendique
1314 1519 1435 1566 intra
1473 1517 1655 1567 Italiam
1699 1532 1755 1566 ca

56 1610 60 1639 ς
108 1597 264 1652 vetur,
290 1589 511 1636 omissam
541 1588 668 1651 olim,
697 1591 807 1652 quia
835 1591 1020 1653 privato
1047 1590 1148 1637 usui
1178 1583 1352 1637 bonum
1378 1587 1618 1652 publicum
1642 1594 1774 1652 post-

107 1660 313 1724 ponitur.
368 1673 483 1706 sane
510 1664 647 1707 vetus
671 1658 777 1707 urbi
809 1658 1039 1708 faenebre
1069 1658 1241 1707 malum
1274 1665 1322 1706 et
1361 1658 1646 1707 seditionum
1681 1657 1773 1706 dis·
1798 1664 1815 1696 ὃ

39 1718 53 1801 J
112 1727 474 1792 cordiarumque
507 1728 801 1778 creberrima
830 1744 1000 1790 causa,
1039 1743 1198 1793 eoque
1225 1727 1541 1777 cohibebatur
1571 1727 1775 1791 antiquis

110 1812 302 1862 quoque
338 1804 385 1846 et
420 1798 570 1846 minus
609 1799 849 1863 corruptis
888 1797 1116 1847 moribus.
1187 1813 1295 1847 nam
1334 1799 1486 1862 primo
1527 1796 1775 1847 duodecim

108 1867 283 1915 tabulis
309 1874 548 1927 sanctum,
576 1883 635 1915 ne
661 1870 767 1931 quis
793 1869 1005 1918 unciario
1032 1868 1233 1916 faenore
1259 1868 1462 1932 amplius
1499 1874 1775 1928 exerceret,

113 1950 218 1984 cum
246 1943 384 1983 antea
413 1950 475 1983 ex
500 1935 699 1984 libidine
725 1938 1039 2001 locupletium
1066 1939 1353 1999 agitaretur;
1390 1938 1498 1987 dein
1524 1939 1777 2001 rogatione

109 2005 362 2053 tribunicia
389 2004 447 2053 ad
486 2007 753 2054 semuncias
786 2006 1053 2069 redactum,
1093 2014 1340 2071 postremo
1375 2008 1524 2056 vetita
1559 2022 1774 2055 versura.
1796 2016 1835 2048 10

110 2074 363 2138 multisque
392 2074 550 2138 plebis
579 2077 712 2124 scitis
749 2076 938 2124 obviam
973 2078 1086 2125 itum
1123 2076 1396 2140 fraudibus,
1437 2091 1559 2141 quae
1599 2077 1778 2125 totiens

110 2159 371 2207 repressae
428 2146 573 2194 miras
634 2161 720 2209 per
769 2154 897 2195 artes
943 2160 1129 2194 rursum
1181 2145 1476 2196 oriebantur.
1549 2146 1636 2195 sed
1684 2153 1778 2194 tum

111 2213 356 2263 Gracchus
383 2222 596 2277 praetor,
625 2217 697 2263 cui
725 2230 783 2264 ea
810 2217 1028 2279 quaestio
1056 2224 1301 2280 evenerat,
1328 2215 1624 2265 multitudine
1652 2217 1777 2281 peri-

111 2283 370 2331 clitantium
408 2284 632 2332 subactus
673 2285 854 2333 rettulit
904 2285 962 2334 ad
1007 2293 1246 2348 senatum,
1296 2286 1567 2351 trepidique
1616 2293 1778 2350 patres

112 2354 295 2417 (neque
323 2354 445 2400 enim
472 2354 719 2417 quisquam
743 2354 826 2403 tali
853 2355 994 2420 culpa
1029 2355 1235 2419 vacuus)
1277 2360 1462 2406 veniam
1494 2370 1519 2403 a
1560 2357 1776 2421 principe
1796 2366 1833 2399 15

112 2424 356 2486 petivere:
398 2430 446 2470 et
481 2423 780 2473 concedente
817 2439 966 2473 annus
1001 2427 1046 2473 in
1080 2433 1326 2490 posterum
1363 2441 1547 2490 sexque
1588 2440 1777 2473 menses

110 2490 236 2554 dati,
274 2493 378 2555 quis
419 2493 676 2541 secundum
713 2495 842 2542 iussa
877 2494 1003 2558 legis
1042 2495 1252 2544 rationes
1287 2496 1548 2545 familiares
1576 2495 1775 2558 quisque

113 2570 475 2624 componerent.

218 2631 300 2680 23.
337 2630 459 2679 Hinc
489 2632 648 2695 inopia
674 2633 745 2679 rei
779 2635 1094 2696 nummariae,
1134 2642 1373 2683 commoto
1407 2633 1542 2682 simul
1571 2633 1773 2681 omnium
1790 2631 1835 2675 17

113 2713 226 2748 aere
251 2700 435 2764 alieno,
476 2707 523 2748 et
547 2702 657 2764 quia
683 2708 755 2749 tot
781 2700 1010 2750 damnatis
1051 2703 1285 2767 bonisque
1323 2718 1489 2751 eorum
1524 2702 1774 2762 divenditis

114 2769 344 2830 signatum
382 2778 629 2832 argentum
660 2765 791 2836 'fisco
832 2772 910 2819 vel
958 2773 1144 2821 aerario
1194 2772 1494 2821 attinebatur.
1567 2772 1626 2821 ad
1683 2772 1778 2821 hoc

53 2889 57 2891 ,
114 2845 305 2886 senatus
331 2835 734 2913 praescripserat,
759 2839 875 2888 duas
904 2843 1104 2906 quisque
1138 2842 1347 2891 faenoris
1376 2849 1539 2906 partes
1574 2844 1621 2890 in
1646 2844 1777 2905 agris

40 2964 45 2967 J
115 2920 202 2968 per
234 2905 415 2956 Italiam
455 2909 750 2970 conlocaret.
812 2910 897 2958 sed
934 2911 1200 2959 creditores
1238 2913 1284 2959 in
1324 2911 1527 2960 solidum
1562 2912 1775 2976 appella·
1798 2925 1817 2955 5

182 2991 325 3022 mem
361 2994 477 3027 PARS
514 2996 541 3025 1.
685 3011 690 3038 ς
719 3034 722 3039 ,
1462 2983 1517 3030 11

702 3110 706 3121 1
738 3125 913 3160 dwxmfftr
950 3124 954 3130 ⁴
1014 3135 1016 3137 ·
1077 3138 1081 3142 -
1114 3124 1230 3155 niba»)
1267 3110 1273 3124 Ι

696 3166 705 3180 1
1258 3164 1265 3173 ι
