1976 3224
220 219 323 268 274
629 230 904 269 CORNELH
933 230 1128 269 TAclTI
1156 208 1461 269 ANN⁸AL1UM

183 372 204 404 5
223 366 271 408 et
288 358 601 423 respondenti
627 359 861 421 reticenS,
899 366 948 406 ut
970 359 1141 423 pavida
1162 360 1354 422 ingenia
1375 359 1549 408 solent.
1597 367 1643 408 at
1665 359 1890 408 consules

222 430 464 493 perlicere
500 427 746 477 decretum
781 436 975 477 senatus
1002 443 1094 478 non
1122 431 1248 492 ausi,
1290 429 1349 477 de
1378 444 1617 478 consensu
1643 432 1890 494 scripsere

223 499 436 548 Caesari.
475 498 558 546 ille
584 500 707 547 inter
749 498 980 562 pudorem
1016 506 1063 546 et
1088 500 1204 547 iram
1232 507 1501 563 cunctatuS,
1544 507 1787 564 postremo
1815 515 1885 548 re-

221 570 441 634 scripsit:
494 567 622 617 nulla
660 568 828 616 iniuria
861 577 1178 632 provocatum
1214 569 1467 617 Antistium
1501 570 1809 632 gravissimas
1845 571 1890 617 in

222 640 489 704 principem
528 637 840 687 contumelias
878 638 1084 694 dixisse;
1135 654 1297 688 earum
1340 639 1566 687 ultionem
1607 655 1634 688 a
1679 639 1891 703 patribus

165 721 205 754 10
224 708 534 773 postulatam,
582 715 630 756 et
673 722 761 772 pro
805 708 1129 771 magnitudine
1173 709 1334 758 delicti
1381 724 1584 774 poenam
1630 710 1770 758 statui
1803 724 1891 772 par

222 779 388 827 fuisse.
449 785 660 826 ceterum
688 793 768 840 se,
807 779 885 842 qui
915 779 1223 828 severitatem
1252 778 1608 828 decernentium
1639 779 1889 845 impeditu-

221 865 301 897 rus
330 848 499 910 fuerit,
537 847 915 896 moderationem
956 863 1050 896 non
1080 848 1367 913 prohibere:
1409 857 1672 898 statuerent
1711 857 1759 898 ut
1790 848 1890 897 vel-

222 919 347 980 lent,
375 917 529 966 datam
557 925 604 966 et
629 917 915 967 absolvendi
940 918 1198 967 licentiam.
1250 918 1325 967 his
1351 927 1492 984 atque
1518 919 1692 968 talibus
1718 919 1890 968 recita-

222 989 282 1041 tis
310 996 358 1037 et
382 988 652 1037 offensione
677 988 953 1051 manifesta,
992 1002 1088 1036 non
1116 980 1227 1037 ideo
1265 997 1344 1038 aut
1383 989 1609 1038 consules
1644 997 1891 1038 mutavere

163 1072 206 1104 15
222 1058 504 1108 relationem
540 1064 618 1106 aut
643 1057 856 1107 Thrasea
882 1058 1094 1108 decessit
1120 1061 1358 1107 sententia
1385 1060 1600 1108 ceterive
1630 1074 1753 1124 quae
1779 1072 1889 1124 pro·

222 1129 456 1178 baverant
489 1127 779 1190 deseruere,
816 1143 957 1192 parS,
995 1143 1056 1176 ne
1095 1129 1363 1193 principem
1402 1128 1645 1178 obiecisse
1684 1128 1891 1177 invidiae

221 1198 528 1260 viderentur,
574 1197 739 1260 plures
776 1212 974 1246 numero
1019 1199 1132 1262 tuti,
1177 1198 1391 1248 Thrasea
1432 1207 1568 1249 sueta
1611 1197 1892 1248 firmitudine

222 1269 363 1318 animi
391 1275 438 1316 et
466 1283 527 1315 ne
551 1267 708 1330 gloria
735 1266 1064 1317 intercideret.

328 1340 412 1389 50.
449 1337 585 1386 Haud
629 1336 807 1401 dispari
858 1339 1052 1386 crimine
1095 1337 1345 1388 Fabricius
1394 1341 1601 1389 Veiento
1648 1338 1891 1388 conflicta·

222 1417 297 1458 tus
344 1407 618 1471 est,-quod
663 1407 807 1455 multa
850 1416 897 1456 et
936 1408 1175 1473 probrosa
1219 1410 1265 1457 in
1310 1417 1475 1474 patres
1522 1417 1568 1458 et
1609 1408 1890 1458 sacerdotes

225 1479 580 1542 composuisset
617 1478 677 1526 iis
712 1477 846 1526 libris
886 1477 1055 1543 quihus
1095 1493 1270 1527 nomen
1309 1479 1642 1528 codicillorum
1677 1477 1890 1527 dederat.

221 1547 462 1598 adiciebat
486 1546 648 1596 Talius
675 1546 898 1597 Geminus
938 1556 1193 1598 accusator
1229 1549 1468 1598 venditata
1502 1549 1560 1599 ab
1599 1564 1658 1599 eo
1699 1562 1893 1597 munera

186 1636 204 1668 5
227 1618 458 1683 principis
498 1623 546 1666 et
582 1616 1003 1681 adipiscendorum
1038 1618 1270 1668 honorum
1305 1620 1392 1667 ius.
1463 1635 1585 1683 quae
1622 1633 1765 1668 causa
1797 1617 1890 1666 Ne-

222 1688 328 1736 roni
356 1687 442 1736 fuit
467 1687 761 1752 suscipiendi
793 1688 953 1737 iudicii
970 1726 984 1750 ,
1019 1690 1386 1753 convictumque
1412 1690 1732 1738 Veientonem
1755 1686 1891 1735 Italia

223 1757 407 1822 depulit
430 1764 478 1806 et
505 1757 657 1805 libros
678 1758 813 1805 exuri
839 1759 1002 1820 iussit,
1033 1759 1329 1821 conquisitos
1356 1759 1712 1823 lectitatosque,
1735 1757 1893 1805 donec

225 1843 330 1876 cum
369 1826 586 1892 periculo
624 1826 936 1891 parabantur:
981 1843 1092 1876 mox
1131 1828 1324 1877 licentia
1361 1828 1564 1877 habendi
1603 1827 1893 1877 oblivionem

224 1896 393 1946 attulit.

329 1968 413 2018 51.
453 1965 550 2016 Sed
584 1967 987 2030 gravescentibus
1034 1968 1079 2016 in
1119 1968 1223 2018 dies
1261 1930 1465 2033 puhlicis
1502 1969 1638 2018 malis
1683 1966 1894 2016 subsidia

222 2034 580 2099 minuebantur,
621 2037 963 2101 concessitque
998 2039 1092 2086 vita
1125 2037 1327 2101 BurruS,
1363 2039 1593 2087 incertum
1622 2035 1893 2086 valetudine

223 2123 283 2156 an
322 2122 530 2155 veneno.
578 2106 804 2155 valetudo
846 2123 907 2156 ex
942 2122 1003 2156 eo
1045 2108 1431 2171 coniectabatur,
1484 2108 1612 2172 quod
1644 2109 1691 2156 in
1734 2122 1786 2154 se
1823 2113 1891 2153 tu-

222 2176 548 2227 mescentibus
588 2176 812 2242 paulatim
854 2177 1073 2226 faucibus
1115 2185 1161 2226 et
1204 2177 1431 2242 impedito
1475 2186 1632 2227 meatu
1677 2177 1892 2240 spiritum

185 2264 206 2296 5
227 2246 432 2296 liniebat.
495 2246 660 2310 plures
686 2248 816 2294 iussu
842 2246 1077 2309 Neronis,
1117 2249 1250 2310 quasi
1275 2247 1533 2297 remedium
1569 2246 1890 2306 adhiberetur,

223 2316 405 2366 inlitum
449 2317 653 2379 palatum
701 2317 803 2364 eius
853 2319 1000 2365 noxio
1048 2317 1362 2366 medicamine
1414 2316 1790 2378 adseverabant,
1847 2321 1894 2362 et

222 2386 423 2435 Burrum
448 2385 697 2434 intellecto
742 2390 958 2437 scelere.
1003 2402 1107 2435 cum
1151 2387 1210 2435 ad
1250 2388 1493 2436 visendum
1534 2403 1639 2436 eum
1666 2387 1892 2451 princeps

223 2457 463 2516 venisset,
511 2462 760 2519 aspectum
797 2455 899 2503 eius
936 2464 1206 2505 aversatum
1251 2458 1516 2507 sciscitanti
1549 2458 1779 2506 hactenus
1816 2469 1890 2502 re·

226 2524 509 2590 spondisse:
538 2526 553 2550 ‘
570 2539 665 2587 ego
693 2540 767 2573 me
793 2524 918 2573 bene
943 2525 1147 2574 habeo.'
1197 2527 1375 2575 civitati
1399 2528 1582 2590 grande
1607 2525 1891 2575 desiderium

166 2607 208 2641 10
229 2596 332 2644 eius
382 2595 553 2643 mansit
596 2609 684 2658 per
725 2596 1000 2643 memoriam
1037 2596 1220 2644 virtutis
1252 2604 1298 2644 et
1325 2612 1660 2646 successorum
1698 2595 1891 2644 alterius

226 2680 428 2727 segnem
454 2665 797 2726 innocentiam,
835 2664 1032 2714 alterius
1070 2665 1436 2728 flagrantissima
1466 2667 1661 2729 flagitia.
1711 2664 1891 2728 quippe

227 2733 409 2784 Caesar
435 2734 554 2782 duos
584 2734 839 2799 praetoriis
868 2734 1147 2784 cohortibus
1186 2737 1505 2800 imposuerat,
1546 2735 1770 2784 Faenium
1796 2733 1889 2781 Ru·

224 2804 320 2852 fum
355 2820 416 2852 ex
450 2803 583 2866 vulgi
619 2803 817 2863 favore,
865 2805 974 2868 quia
1019 2820 1119 2853 rem
1155 2805 1510 2854 frumentariam
1551 2805 1652 2853 sine
1690 2810 1890 2867 quaestu

224 2873 486 2935 tractabat,
527 2873 776 2921 Sofonium
806 2873 1120 2937 Tigellinum,
1158 2883 1371 2923 veterem
1400 2874 1721 2938 inpudicitiam
1747 2881 1889 2935 atque

167 2953 208 2987 15
224 2942 457 2991 infamiam
485 2943 531 2990 in
560 2957 618 2991 eo
639 2950 847 2990 secutus,
889 2951 1031 3007 atque
1058 2945 1125 2993 illi
1154 2959 1239 3009 pro
1270 2945 1472 3007 cognitis
1498 2943 1711 2992 moribus
1738 2945 1889 3006 suere,
