1976 3224
195 143 297 192 314
617 152 891 191 CORNELII
913 154 1109 194 TAc1'r1
1129 154 1435 193 ANNALIUM

137 297 176 330 15
196 281 302 330 data
332 280 490 330 exilia.
547 281 760 330 Priscum
797 282 990 330 Artoria
1017 282 1249 332 Flaccilla
1278 284 1484 332 coniunx
1514 286 1734 333 comitata
1772 292 1862 349 est,

195 351 379 400 Gallum
400 350 604 412 Egnatia
631 351 907 414 Maximilla,
934 354 1118 415 magnis
1145 354 1344 417 primum
1370 360 1418 401 et
1441 354 1643 416 integris
1672 354 1884 418 opibuS,

193 428 304 485 post
340 419 603 484 ademptis,
642 436 762 485 quae
804 429 1004 486 utraque
1038 422 1243 484 gloriam
1276 425 1378 471 eius
1418 437 1615 471 auxere.
1669 424 1865 488 pellitur

193 499 240 539 et
272 490 469 539 Rufrius
497 488 746 554 Crispinus
778 493 1038 539 occasione
1065 492 1433 556 coniurationiS,
1462 491 1549 541 sed
1573 491 1759 541 Neroni
1795 495 1862 541 iu-

191 562 349 623 visuS,
388 559 515 624 quod
540 560 816 625 Poppaeam
845 560 1082 624 quondam
1119 563 1419 611 matrimonio
1448 569 1682 611 tenuerat.
1739 563 1862 612 Ver·

131 646 174 679 20
191 631 369 693 ginium
408 628 625 679 Flavum
664 636 713 679 et
743 628 1033 680 Musonium
1065 631 1240 681 Rufum
1269 632 1503 681 claritudo
1542 633 1745 681 nominis
1781 648 1862 681 ex-

189 700 338 764 pulit:
374 714 482 749 nam
520 701 783 762 Verginius
821 700 975 749 studia
1016 702 1235 750 iuvenum
1273 701 1578 766 eloquentia,
1614 701 1863 752 Musonius

191 771 466 834 praeceptis
488 770 754 835 sapientiae
776 769 988 819 fovebat.
1019 769 1304 820 Cluvidieno
1323 771 1514 832 Quiet0,
1536 771 1656 820 Iulio
1677 772 1859 837 Agrip·

189 855 297 903 pae,
325 838 467 888 Blitio
497 838 744 903 Catulin0,
782 840 1009 889 Petronio
1040 840 1237 904 Prisce,
1275 840 1397 890 Iulio
1429 840 1622 904 Altino,
1655 841 1787 890 velut
1817 844 1863 890 in

189 924 362 972 agmen
404 917 451 957 et
485 909 979 973 numerum,·Aegaei
1016 911 1161 959 maris
1203 911 1387 959 insulae
1420 912 1770 974 permittuntur.
1817 919 1864 960 at

130 993 171 1025 25
191 978 416 1027 Caedicia
456 993 578 1027 uxor
612 980 838 1028 Scaevini
874 986 921 1027 et
950 978 1215 1029 Caesonius
1252 979 1486 1029 Maximus
1525 979 1661 1029 Italia
1698 980 1863 1045 probi·

187 1049 385 1110 bentur,
429 1064 544 1097 reos
574 1049 726 1097 fuisse
764 1064 816 1097 se
853 1057 1030 1098 tantum
1067 1064 1227 1114 poena
1262 1051 1468 1115 experti.
1516 1049 1674 1098 Acilia
1708 1057 1864 1098 mater

187 1118 373 1167 Annaei
394 1118 572 1167 Lucani
599 1121 701 1166 sine
734 1119 1056 1182 absolutione,
1085 1121 1189 1168 sine
1219 1119 1462 1184 supplicio
1491 1113 1802 1168 dissimulata.

293 1188 375 1237 72.
416 1188 600 1249 Quibus
634 1190 927 1252 perpetratis
962 1188 1094 1237 Nero
1132 1196 1180 1238 et
1214 1190 1440 1237 contione
1468 1189 1664 1238 militum
1700 1188 1862 1238 habita

163 1258 295 1306 -bina
329 1273 563 1306 nummum
599 1258 729 1306 milia
769 1260 939 1306 viritim
975 1258 1353 1323 manipularibus
1385 1258 1544 1307 divisit
1582 1257 1860 1322 addiditque

187 1330 291 1376 sine
318 1329 476 1391 pretio
504 1328 803 1390 frumentum,
839 1343 935 1392 quo
962 1336 1071 1377 ante
1099 1344 1160 1377 ex
1184 1328 1327 1377 modo
1350 1342 1567 1378 annonae
1588 1327 1857 1377 utebantur.

185 1406 304 1460 tum,
335 1398 470 1462 quasi
497 1405 637 1460 gesta
663 1397 794 1446 bello
825 1400 1161 1462 exposituruS,
1201 1406 1346 1447 vocat
1386 1406 1601 1447 senatum
1629 1405 1676 1446 et
1701 1399 1858 1446 trium-

149 1479 168 1511 5
190 1466 333 1531 phale
368 1466 518 1516 decus
553 1467 779 1516 Petronio
807 1467 1086 1532 Turpiliano
1123 1468 1388 1530 consulari,
1427 1467 1640 1517 Cocceio
1667 1466 1862 1516 Nervae

185 1538 398 1601 praetori
431 1536 712 1600 designatO,
750 1536 993 1600 Tigellino
1022 1538 1276 1602 praefecto
1304 1538 1536 1603 praetorii
1563 1537 1753 1598 tribuit,
1782 1537 1857 1586 Ti-

185 1605 415 1669 gellinum
450 1613 498 1655 et
530 1605 743 1656 Nervam
778 1608 840 1656 ita
879 1607 1148 1671 extollens,
1197 1615 1246 1655 ut
1283 1623 1430 1671 super
1460 1606 1773 1671 triumphales
1813 1608 1859 1654 in

185 1676 292 1724 foro
319 1677 555 1738 imagines
592 1676 719 1741 apud
743 1676 974 1727 Palatium
1010 1691 1202 1741 quoque
1231 1678 1423 1739 efligies
1450 1691 1614 1725 eorum
1646 1677 1856 1723 sisteret.

187 1745 459 1794 consularia
493 1747 697 1808 insignia
725 1745 1044 1810 Nymphidio,
1077 1747 1166 1811 qui
1199 1748 1308 1811 quia
1334 1761 1459 1794 nunc
1488 1747 1688 1810 primum
1722 1744 1856 1794 obla·

128 1830 168 1862 10
185 1822 259 1863 tus
297 1822 396 1876 est,
435 1830 588 1879 pauca
623 1823 864 1879 repetam:
905 1831 1010 1865 nam
1046 1823 1095 1864 et
1130 1817 1237 1879 ipse
1268 1830 1380 1879 pars
1406 1816 1724 1864 Romanarum
1761 1814 1857 1862 cla-

185 1884 309 1932 dium
336 1886 443 1932 erit.
491 1885 636 1946 igitur
662 1893 813 1934 matre
838 1885 1062 1934 libertina
1091 1892 1242 1946 ortuS,
1274 1900 1395 1949 quae
1425 1899 1603 1948 corpus
1627 1883 1856 1932 decorum

184 1956 307 2002 inter
332 1967 506 2002 servos
533 1953 833 2019 libertosque
863 1957 1130 2019 principum
1155 1954 1469 2018 vulgaverat,
1498 1969 1559 2002 ex
1588 1953 1705 2003 Gaio
1736 1951 1854 2002 Cae-

185 2038 294 2071 sare
334 2038 388 2071 se
413 2025 624 2086 genitum
659 2024 872 2087 ferebat,
912 2027 1131 2090 quoniam
1170 2025 1296 2073 forte
1327 2023 1528 2088 quadam
1554 2022 1715 2071 habitu
1744 2036 1854 2087 pro-

186 2108 327 2141 cerus
357 2100 404 2141 et
429 2101 570 2141 torvo
596 2094 727 2142 vultu
759 2102 884 2157 erat,
912 2096 1016 2143 sive
1046 2094 1189 2143 Gaius
1216 2092 1413 2156 Caesar,
1443 2100 1710 2142 scortorum
1740 2105 1854 2155 quo·

126 2177 166 2210 15
187 2176 279 2226 que
312 2164 531 2226 cupienS,
559 2164 700 2212 etiam
727 2165 863 2211 matri
895 2166 996 2212 eius
1021 2164 1181 2211 inlusit
1204 2161 1308 2192 *⁴¹*

288 2232 371 2282 73.
417 2231 514 2280 Sed
547 2231 680 2281 Nero
723 2241 898 2282 vocato
936 2240 1129 2295 senatu,
1176 2233 1395 2281 oratione
1433 2232 1557 2280 inter
1582 2239 1746 2295 patres
1773 2229 1851 2278 ha-

182 2300 297 2362 bita,
325 2300 531 2349 edictum
561 2302 686 2365 apud
713 2302 942 2366 populum
972 2310 1018 2350 et
1044 2302 1235 2351 conlata
1268 2303 1315 2349 in
1346 2301 1501 2350 libros
1529 2300 1702 2349 indicia
1740 2314 1851 2348 con-

181 2371 520 2434 fessionesque
560 2370 883 2420 damnatorum
922 2371 1148 2421 adiunxit.
1204 2373 1381 2420 etenim
1413 2370 1586 2419 crebro
1614 2369 1748 2431 vulgi
1776 2384 1852 2417 ru·

181 2454 316 2488 more
354 2439 684 2503 lacerabatur,
728 2448 964 2504 tamquam
992 2443 1124 2489 viros
1158 2440 1334 2490 claros
1359 2447 1406 2488 et
1443 2440 1659 2488 insontes
1695 2437 1757 2487 ob
1783 2439 1848 2485 in-

141 2524 161 2556 s
181 2508 354 2557 vidiam
379 2517 457 2558 aut
486 2517 660 2558 metum
689 2512 991 2559 extinxisset.
1049 2517 1260 2558 ceterum
1297 2516 1520 2574 coeptam
1548 2508 1848 2571 adultamque

182 2586 231 2627 et
258 2580 489 2628 revictam
521 2580 898 2628 coniurationem
935 2594 1093 2643 neque
1121 2586 1234 2628 tunc
1260 2579 1542 2627 dubitavere
1571 2577 1739 2642 quibus
1766 2590 1846 2624 vc-

181 2663 282 2696 rum
311 2648 545 2698 noscendi
573 2664 686 2698 cura
713 2657 830 2713 erat,
864 2657 913 2698 et
936 2649 1146 2698 fatentur
1174 2649 1253 2713 qui
1287 2656 1399 2712 post
1429 2649 1667 2696 interitum
1693 2645 1846 2694 Nero-

182 2719 254 2765 nis
279 2718 325 2765 in
354 2720 518 2767 urbem
550 2721 766 2781 regressi
796 2726 919 2767 sunt.
979 2726 1026 2767 at
1058 2720 1104 2767 in
1138 2725 1306 2767 senatu
1333 2719 1546 2778 cunctis»,
1587 2724 1636 2764 ut
1673 2717 1844 2777 cuique

182 2786 431 2849 plurimum
460 2789 721 2850 maeroriS,
759 2790 805 2836 in
832 2788 1151 2837 adulationem
1179 2787 1426 2849 demissiS,
1461 2786 1640 2834 Iunium
1667 2784 1844 2833 Gallio-

124 2862 165 2895 10
181 2870 317 2919 nem,
353 2857 572 2906 Senecae
604 2857 767 2906 fratris
791 2865 944 2906 morte
974 2857 1195 2922 pavidum
1221 2865 1267 2905 et
1300 2871 1388 2921 pro
1413 2870 1496 2903 sua
1523 2854 1846 2902 incolumitate
