1976 3224
608 246 782 283 LIBER
806 247 899 283 xv.
932 246 1057 284 GAP.
1080 245 1213 288 54-—
1228 245 1300 288 58.
1695 238 1794 287 307

236 372 319 422 56.
355 372 489 436 Ergo
519 374 699 421 accitur
725 371 934 436 NataliS,
970 382 1016 421 et
1048 374 1224 422 diversi
1255 376 1638 438 interrogantur,
1660 354 1796 437 'quis-

34 441 37 449 “
65 484 75 493 .
131 442 306 490 narnis
331 457 515 505 sei-mc,
555 457 647 507 qua
674 441 733 490 de
769 457 824 490 re
854 442 1039 491 fuisset.
1090 451 1184 491 tum
1218 452 1385 492 exorta
1424 443 1651 509 suspitio,
1689 443 1798 505 quia

131 526 226 559 non
256 514 570 575 congruentia
605 511 982 575 responderant,
1018 513 1260 577 inditaque
1287 513 1461 562 vincla.
1515 521 1561 562 et
1588 519 1795 560 tormen-

130 587 285 630 torum
322 589 570 646 aspectum
607 596 663 629 ac
697 583 846 630 minas
885 595 980 630 non
1016 583 1194 631 tulere:
1236 585 1370 647 prior
1403 591 1560 632 tamen
1594 580 1795 643 Natalis,

130 652 276 700 totius
301 651 685 715 conspirationis
724 651 879 713 magis
908 666 1116 714 gnarus,
1155 653 1290 700 simul
1319 652 1549 715 arguendi
1577 651 1794 714 peritior,
1818 667 1838 699 ⁵

132 719 190 769 de
217 719 393 769 Pisone
427 718 624 784 primum
659 720 862 782 fatetur,
893 720 1066 769 deinde
1098 721 1241 770 adicit
1267 721 1512 770 Annaeum
1539 723 1795 781 Senecam,

131 790 234 838 sive
262 791 579 838 internuntius
607 791 732 839 inter
757 805 863 838 eum
889 789 1208 854 Pisonemque
1235 791 1348 853 fuit,
1382 793 1486 840 sive
1514 799 1564 839 ut
1586 789 1795 838 Neronis

131 861 333 923 gratiam
359 868 578 923 pararet,
622 861 700 923 qui
726 860 939 907 infensus
970 861 1188 908 Senecae
1215 875 1380 909 omnes
1411 860 1470 909 ad
1498 875 1603 909 eum
1633 859 1795 923 oppri-

130 928 349 977 mendum
375 937 502 978 artes
530 928 860 993 conquirebat.
898 937 994 977 tum
1021 931 1220 992 cognito
1240 929 1425 979 Natalis
1450 929 1626 978 indicio
1648 929 1794 977 Scae·

128 999 265 1046 vinus
294 1012 485 1063 quoque
514 999 618 1062 pari
644 997 982 1060 inbecillitate,
1009 1013 1069 1047 an
1098 992 1269 1047 cuncta
1296 1000 1386 1048 iam
1420 1000 1661 1063 patefacta
1688 1013 1792 1046 cre·
1810 1016 1850 1048 10

131 1079 248 1118 uens
290 1082 382 1116 nec
423 1067 568 1116 ullum
613 1067 789 1116 silentii
826 1068 1213 1131 emolumentum,
1263 1068 1410 1118 edidit
1453 1076 1664 1117 ceteros.
1734 1082 1796 1115 ex

132 1137 302 1202 quibus
336 1136 553 1186 Lucanus
581 1137 958 1201 Quintianusque
985 1146 1034 1186 et
1058 1138 1266 1186 Senecio
1297 1138 1373 1186 diu
1408 1138 1646 1187 abnuere:
1684 1144 1796 1200 post

130 1206 366 1273 promissa
394 1207 654 1270 inpunitate
680 1208 915 1271 corrupti,
948 1221 1042 1270 quo
1067 1206 1338 1256 tarditatem
1364 1215 1668 1269 excusarent,
1706 1205 1793 1255 Lu-

133 1292 278 1326 canus
328 1275 531 1324 Aciliam
579 1283 776 1324 matrem
822 1291 977 1339 suam,
1035 1277 1315 1337 Quintianus
1353 1276 1544 1326 Glitium
1593 1275 1793 1337 Gallum,

133 1347 340 1396 Senecio
386 1344 590 1394 Annium
628 1344 924 1408 Pollionem,
972 1347 1231 1395 amicorum
1280 1348 1598 1411 praecipuoS,
1644 1345 1849 1395 nomi-15

129 1431 323 1465 navere.
1107 1428 1109 1430 ·

186 1489 191 1493 ’
233 1487 316 1536 57.
355 1483 516 1549 Atque
549 1485 735 1533 interim
771 1484 904 1534 Nero
941 1485 1225 1534 recordatus
1263 1486 1453 1535 Volusii
1489 1484 1693 1533 Proculi·
1726 1485 1792 1532 in-

130 1555 256 1605 dicio
282 1553 558 1619 Epicharim
585 1554 773 1603 attineri
799 1561 1026 1619 ratusque
1055 1552 1289 1603 muliebre
1322 1570 1501 1620 corpus
1531 1554 1685 1618 impar
1710 1553 1792 1601 do-

129 1625 220 1675 lori
254 1623 504 1674 tormentis
538 1622 794 1673 dilacerari
827 1623 974 1673 iubet.
1043 1632 1090 1673 at
1122 1624 1251 1674 illam
1290 1638 1384 1672 non
1421 1623 1653 1685 verbera,
1699 1637 1793 1670 non

128 1695 294 1758 ignes,
332 1708 428 1742 non
464 1694 535 1742 ira
572 1707 631 1742 eo
670 1695 827 1742 acrius
857 1695 1206 1757 torquentium,
1244 1709 1303 1742 ne
1339 1710 1364 1743 a
1393 1694 1565 1742 femina
1594 1707 1791 1757 sperne-

128 1771 316 1826 rentur,
354 1764 609 1826 pervicere
646 1765 757 1826 quin
785 1763 975 1812 obiecta
1011 1762 1293 1826 denegaret.
1341 1764 1411 1811 sic
1439 1764 1618 1826 primus
1642 1775 1788 1826 quae·
1813 1777 1833 1807 5

131 1833 298 1883 stionis
342 1831 444 1881 dies
483 1839 799 1896 contemptus.
850 1839 1050 1896 postero
1082 1847 1188 1881 cum
1223 1832 1281 1881 ad
1321 1831 1518 1880 eosdem
1556 1831 1793 1879 cruciatus

128 1901 455 1953 retraheretur
493 1902 759 1964 gestamine
805 1901 957 1950 sellae
996 1903 1138 1966 (nam
1175 1901 1420 1951 dissolutis
1461 1901 1686 1949 membris
1728 1901 1793 1948 in-

131 1974 306 2022 sistere
342 1969 625 2035 nequibat),
667 1970 828 2020 vinclo
853 1970 1064 2033 fasciae,
1107 1985 1245 2035 quam
1273 1971 1460 2034 pectori
1498 1969 1792 2030 detraxerat,

129 2044 176 2091 in
213 2039 404 2090 modum
441 2040 600 2104 laquei
638 2039 697 2089 ad
731 2055 891 2088 arcum
919 2039 1071 2089 sellae
1107 2041 1331 2088 restricto
1358 2039 1524 2088 indidit
1552 2039 1794 2087 cervicem

132 2119 181 2161 et
212 2109 434 2175 corporis
472 2108 689 2174 pondere
727 2111 895 2158 conisa
927 2116 1118 2158 tenuem
1152 2110 1242 2158 iam
1279 2110 1494 2173 spiritum
1530 2108 1790 2172 expressit,
1811 2125 1852 2158 ιο

133 2181 339 2230 clariore
365 2178 590 2244 exemplo
616 2177 837 2228 libertina
862 2178 1030 2227 mulier
1054 2179 1101 2226 in
1126 2185 1254 2228 tanta
1280 2178 1571 2226 necessitate
1608 2177 1794 2226 alienos

133 2266 190 2300 ac
219 2264 374 2315 prope
401 2249 597 2313 ignotos
620 2247 952 2312 protegendo,
993 2263 1098 2296 cum
1124 2249 1317 2311 ingenui
1344 2255 1391 2295 et
1416 2248 1505 2295 viri
1532 2254 1579 2295 et
1607 2248 1794 2311 equites

129 2320 331 2370 Romani
357 2325 707 2382 senatoresque
726 2318 890 2366 intacti
909 2319 1157 2366 tormentis
1182 2317 1428 2366 carissima
1450 2330 1643 2365 suorum
1668 2316 1793 2380 quis-

134 2405 226 2454 que
256 2390 507 2453 pignorum
535 2386 813 2452 proderent.
866 2401 962 2435 non
989 2387 1113 2435 enim
1139 2386 1419 2436 omittebant
1438 2385 1655 2434 Lucanus
1676 2399 1793 2447 quo-

133 2474 225 2523 que
264 2465 310 2506 et
339 2457 548 2505 Senecio
584 2464 631 2506 et
659 2457 937 2517 Quintianus
964 2457 1142 2520 passim
1172 2457 1397 2505 conscios
1425 2455 1600 2515 edere,
1639 2454 1793 2515 magis
1811 2462 1851 2495 1⁵

130 2529 379 2592 magisque
416 2525 591 2590 pavido
629 2525 849 2590 Nerone,
889 2540 1172 2590 quamquam
1207 2523 1535 2587 multiplicatis
1575 2521 1793 2570 excubiis

133 2604 284 2646 semet
310 2596 594 2660 saepsisset.

235 2667 318 2718 58.
356 2665 480 2728 Quin
510 2671 557 2713 et
590 2664 784 2727 urbem,
823 2679 911 2728 per
939 2663 1209 2728 manipulos
1246 2664 1498 2726 occupatis
1526 2660 1792 2721 moenibuS,

132 2738 321 2786 insesso
358 2736 498 2785 etiam
523 2734 639 2784 mari
670 2740 718 2782 et
743 2748 907 2795 amne,
945 2732 1075 2782 velut
1106 2734 1153 2781 in
1182 2731 1446 2781 custodiam
1474 2730 1619 2779 dedit.
1674 2729 1792 2777 voli-

132 2806 388 2872 tabantque
433 2821 522 2871 per
563 2804 696 2867 fora,
748 2819 837 2869 per
874 2802 1072 2865 domos,
1123 2817 1233 2850 rura
1268 2815 1461 2865 quoque
1497 2807 1546 2848 et
1579 2799 1794 2864 proxima

133 2877 495 2940 municipiorum
533 2873 720 2941 pedites
760 2873 1075 2937 equitesque,
1120 2871 1343 2935 permixti
1381 2868 1653 2931 GermaniS,
1694 2869 1793 2932 qui-

134 2944 223 2994 bus
258 2946 433 2996 fidebat
468 2947 695 3010 princeps
722 2944 857 3008 quasi
894 2943 1122 2991 externis.
1176 2938 1535 3056 continua2hinc
1563 2946 1610 2986 et
1636 2938 1794 2986 vincta
1814 2954 1834 2985 5

1441 3014 1451 3053 (
1482 3013 1507 3036 ’t‘
