1976 3224
248 183 352 233 210
666 193 942 232 commu
979 193 1176 233 TAc1T1
1211 194 1518 234 ANNALIUM

193 343 234 375 15
254 330 301 373 et
333 324 373 372 si
401 322 711 371 auxiliaribus
738 323 1051 386 resisterent,
1093 323 1268 386 gladiis
1295 338 1353 372 ac
1379 324 1490 388 pilis
1528 325 1923 390 legionariorum,
1973 379 1976 384 ,

251 394 291 442 si
314 393 408 442 huc
436 399 712 455 verterent,
753 391 939 457 spathis
979 399 1027 441 et
1065 392 1214 442 hastis
1245 394 1544 443 auxiliarium
1573 395 1924 448 sternebantur.

252 463 382 512 clara
410 477 468 511 ea
492 462 698 511 victoria
721 461 832 525 fuit,
864 469 1101 527 captaque
1126 478 1249 512 uxor
1279 471 1326 512 et
1353 464 1448 514 filia
1479 464 1702 516 Carataci
1727 466 1925 515 fratres-

252 549 344 598 que
370 534 418 580 in
449 531 740 581 deditionem
763 533 973 597 accepti.

355 601 438 652 36.
477 601 614 667 Ipse,
642 608 692 650 ut
724 601 876 651 ferme
914 604 1059 651 intuta
1096 610 1204 651 sunt
1239 602 1470 668 adversa,
1509 619 1613 654 cum
1644 605 1786 655 [idem
1811 604 1925 654 Car-

249 671 518 722 timanduae
553 672 755 735 reginae
791 672 1068 736 Brigantum
1103 673 1383 738 petivisset,
1420 676 1608 724 vinctus
1636 690 1695 725 ac
1730 675 1924 724 victori-

247 741 339 792 bus
365 741 566 790 traditus
593 749 694 805 est,
732 756 860 791 nono
901 750 1016 807 post
1055 757 1180 792 anno
1218 757 1357 807 quarn
1390 743 1569 794 bellum
1606 745 1655 794 in
1683 744 1922 795 Britannia

251 819 493 876 coeptum.
552 812 677 860 unde
711 811 837 861 fama
878 813 980 861 eius
1020 820 1191 862 evecta
1223 813 1405 862 insulas
1441 822 1488 863 et
1530 816 1775 882 proximas
1812 828 1923 878 pro·

208 900 227 930 5
247 883 433 931 vincias
462 889 729 947 pervagata
755 898 845 947 per
875 881 1059 932 Italiam
1097 897 1292 947 quoque
1331 883 1672 935 celebrabatur
1694 883 1923 934 avebant-

247 967 339 1017 que
366 954 558 1015 vIsere,
597 952 702 1016 quis
734 952 817 1000 ille
852 959 922 1000 tot
957 968 1044 1017 per
1080 967 1232 1002 annos
1259 957 1382 1019 o'pes
1418 963 1608 1005 nostras
1635 955 1923 1020 sprevisset.

245 1038 308 1071 ne
332 1023 517 1071 Romae
552 1021 744 1085 quidem
764 1021 990 1085 ignobile
1023 1021 1244 1072 Carataci
1282 1039 1457 1073 nomen
1491 1031 1618 1083 erat;
1664 1031 1723 1074 et
1739 1022 1921 1074 Caesar

247 1092 355 1141 dum
398 1106 532 1140 suum
575 1091 723 1140 decus
768 1091 979 1156 extollit,
1037 1091 1216 1142 addidit
1256 1093 1464 1156 gloriam
1502 1096 1652 1144 victo.
1718 1101 1923 1151 vocatus

248 1163 427 1227 quippe
454 1168 504 1210 ut
529 1160 628 1209 ad
613 1161 805 1224 msigne
844 1162 1173 1226 spectaculum
1207 1163 1447 1228 populus:
1484 1171 1669 1215 stetere
1706 1165 1755 1213 in
1781 1164 1926 1213 armis

190 1246 232 1279 10
249 1232 525 1297 praetoriae
566 1230 794 1279 cohortes
835 1246 1005 1297 campo
1043 1233 1123 1297 qui
1155 1240 1312 1283 castra
1341 1234 1601 1300 praeiacet.
1653 1241 1769 1300 tunc
1792 1233 1922 1283 ince-

249 1301 470 1351 dentibus
516 1301 668 1364 regiis
716 1301 955 1350 clientelis
992 1301 1226 1366 phalerae
1267 1311 1470 1369 torques
1516 1318 1738 1370 quaeque
1780 1302 1924 1352 bellis

249 1372 462 1420 externis
485 1372 793 1452 quaesiverat
824 1371 1057 1436 traducta,
1083 1387 1199 1421 mox
1224 1372 1403 1424 fratres
1430 1382 1478 1424 et
1503 1376 1713 1424 coniunx
1736 1380 1786 1423 et
1810 1373 1922 1436 filia,

245 1448 497 1508 postremo
525 1443 633 1505 ipse
661 1447 944 1490 ostentatus.
984 1449 1257 1492 ceterorum
1278 1459 1454 1509 preces
1482 1444 1758 1508 degeneres
1784 1443 1923 1492 fuere

247 1526 311 1560 ex
342 1518 495 1560 metu:
538 1518 585 1559 at
620 1525 717 1560 non
745 1509 1007 1561 Caratacus
1045 1519 1123 1561 aut
1150 1513 1282 1562 vultu
1308 1514 1519 1564 demisso
1547 1523 1626 1564 aut
1651 1511 1814 1563 verbis
1839 1513 1921 1560 mi-

190 1597 229 1629 15
248 1580 560 1630 sericordiam
590 1581 875 1645 requirenS,
909 1581 991 1630 ubi
1016 1581 1240 1632 tribunali
1267 1583 1474 1647 adstitit,
1512 1586 1559 1632 in
1581 1584 1705 1632 hunc
1730 1581 1920 1632 modum

246 1650 437 1700 locutus
464 1658 552 1699 est.

345 1721 429 1770 37.
467 1721 548 1769 ‘Si
574 1727 748 1784 quanta
777 1719 1005 1770 nobilitas
1037 1728 1084 1770 et
1110 1721 1304 1772 fortuna
1327 1723 1439 1771 mihi
1465 1722 1578 1785 fuit,
1606 1729 1734 1772 tanta
1761 1737 1922 1771 rerum

245 1804 590 1856 prosperarum
615 1789 884 1838 moderatio
915 1790 1113 1854 fuisset,
1142 1793 1320 1841 amicus
1350 1793 1508 1858 potius
1534 1793 1580 1840 in
1606 1791 1730 1841 hanc
1753 1791 1921 1840 urbem

248 1875 387 1925 quam
414 1867 582 1924 captus
611 1860 881 1923 venissem,
916 1875 1075 1925 neque
1100 1861 1386 1926 dedignatus
1413 1877 1576 1926 esseS,
1606 1861 1751 1911 claris
1773 1863 1919 1911 maio-

244 1930 377 1980 ribus
410 1938 590 1994 ortum,
630 1923 849 1994 pluribus
875 1930 1101 1994 gentibus
1140 1933 1490 1996 imperitantem
1514 1932 1720 1981 foedere
1746 1947 1918 2013 pacem

206 2015 226 2047 5
247 2001 490 2065 accipere.
545 2015 780 2065 praesens
800 2014 915 2049 sors
943 2015 1048 2050 mea
1074 2009 1124 2050 ut
1148 2002 1260 2051 mihi
1281 2002 1513 2066 informiS,
1542 2003 1613 2051 sic
1633 2001 1718 2051 tibi
1736 2001 1916 2084 rnagni-

247 2072 339 2120 fica
366 2078 453 2119 est.
505 2069 647 2119 habui
675 2084 830 2135 equos
860 2071 1009 2135 viros,
1043 2083 1170 2122 arma
1195 2087 1342 2137 opes:
1365 2072 1477 2136 quid
1503 2074 1702 2134 mirum,
1732 2073 1771 2121 si
1797 2071 1918 2120 haec

243 2141 420 2189 invitus
449 2138 618 2190 amisi?
654 2156 775 2189 -nam
812 2141 851 2190 si
876 2156 966 2190 vos
1005 2142 1222 2191 omnibus
1249 2143 1523 2207 imperitare
1550 2141 1719 2205 vultiS,
1761 2143 1917 2205 sequi—

243 2219 319 2260 tur
348 2217 398 2259 ut
424 2225 591 2259 omnes
618 2211 896 2259 servitutem
921 2211 1199 2276 accipiant?
1220 2213 1259 2261 si
1288 2213 1443 2261 statim
1472 2210 1657 2270 deditus
1682 2209 1917 2274 traderer,

243 2295 403 2344 neque
421 2278 526 2329 mea
547 2280 735 2329 fortuna
757 2296 913 2346 neque
933 2289 1008 2330 tua
1033 2282 1190 2345 gloria
1209 2282 1538 2339 inclaruisset;
1563 2288 1612 2330 et
1632 2281 1917 2346 supplicium

187 2365 228 2398 10
243 2350 336 2398 mei
377 2348 558 2397 oblivio
596 2358 903 2414 sequeretur:
943 2359 991 2399 at
1027 2352 1067 2399 si
1101 2352 1390 2400 incolumem
1425 2353 1726 2414 servaveriS,
1753 2357 1908 2400 aeter-

243 2435 351 2468 num
380 2419 631 2483 exemplar
657 2419 941 2469 clementiae
969 2424 1095 2470 ero.'
1140 2421 1198 2471 ad
1229 2437 1284 2470 ea
1316 2420 1500 2471 Caesar
1519 2421 1705 2470 veniam
1727 2421 1915 2484 ipsique

245 2496 293 2537 et
330 2489 521 2552 coniugi
557 2496 604 2537 et
639 2489 865 2538 fratribus
911 2489 1089 2538 tribuit.
1143 2499 1284 2556 atque
1312 2491 1400 2546 villi
1443 2489 1617 2539 vinclis
1662 2489 1913 2555 [ablsoluti

244 2560 560 2623 Agrippinam
590 2573 810 2623 quoque,
845 2558 968 2609 haud
999 2561 1169 2624 procul
1197 2562 1292 2610 alio
1320 2569 1554 2625 suggestu
1585 2559 1911 2623 conspicuam,

244 2629 394 2677 isdem
435 2629 606 2693 quibus
637 2630 902 2694 principem
929 2630 1147 2679 laudibus
1183 2631 1495 2696 gratibusque
1533 2628 1749 2678 venerati
1774 2633 1910 2677 sunt.

185 2719 228 2751 15
245 2714 419 2747 novum
458 2713 572 2747 sane
609 2706 657 2747 et
691 2698 903 2748 moribus
939 2707 1154 2749 veterum
1198 2701 1461 2763 insolitum,
1508 2698 1728 2747 feminam
1763 2699 1913 2762 signis

242 2768 470 2817 Romanis
506 2769 812 2833 praesidere.
853 2770 958 2834 ipsa
997 2778 1149 2819 semet
1185 2772 1310 2835 parti
1348 2786 1374 2818 a
1409 2768 1665 2817 maioribus
1704 2768 1803 2816 suis
1829 2771 1908 2817 im-

243 2838 364 2900 perii
394 2839 575 2887 sociam
599 2838 802 2887 ferebat.

340 2906 421 2956 38.
454 2909 630 2956 Vocati
658 2908 861 2972 posthac
888 2917 1051 2973 patres
1080 2909 1224 2957 multa
1267 2915 1313 2956 et
1351 2907 1603 2970 magnifica
1647 2922 1794 2971 super
1831 2922 1903 2956 ca-
