1976 3224
569 173 744 210 121ssssss
772 174 886 211 XIV.
919 173 1045 211 CAP.
1067 173 1202 225 337-
1214 171 1286 216 38.
1664 164 1767 213 269

194 300 277 351 36.
322 300 401 350 Ne·
436 302 692 350 Suetonius
741 301 928 364 quidem
981 303 1028 349 in
1076 309 1207 350 tanto
1255 302 1530 351 discrimine
1577 302 1768 350 silebat.

55 367 60 376 “
89 385 369 436 quamquam
409 371 673 421 confideret
709 371 896 434 virtuti,
934 379 1091 419 tamen
1125 372 1486 421 exhortationes
1516 379 1564 420 et
1590 386 1768 436 preces

87 441 343 504 miscebat,
395 447 445 489 ut
481 447 769 505 spernerent
803 454 1008 490 sonores
1045 440 1353 489 barbarorum
1395 450 1442 490 et
1480 443 1648 490 inanes
1685 442 1767 489 mi-

88 526 200 559 nas:
254 511 363 574 plus
407 510 508 559 illic
543 511 821 558 feminarum
853 526 992 574 quam
1030 512 1288 559 iuventutis
1325 513 1496 575 aspici.
1553 511 1762 559 inbelles

89 583 296 629 inermes
324 594 550 630 cessuros
576 581 759 643 statim,
799 580 875 628 ubi
909 581 1087 628 ferrum
1112 583 1432 644 virtutemque
1471 582 1760 631 vincentium
1786 600 1805 631 s

89 653 265 700 totiens
286 651 379 699 fusi
406 649 768 713 adgnovissent.
817 652 959 698 etiam
989 651 1035 698 in
1064 650 1220 698 multis
1249 650 1528 714 legionibus
1556 664 1760 715 paucOS,

89 722 167 786 qui
195 720 383 783 proelia
412 719 754 784 profligarent;
790 719 1079 784 gloriaeque
1107 735 1271 769 eorum
1300 735 1608 769 accessurum
1635 719 1763 784 quod

87 790 277 839 modica
302 804 468 837 manus
493 791 702 838 universi
729 792 971 838 exercitus
1000 792 1170 839 famam
1202 790 1603 855 adipiscerentur.
1650 805 1764 839 con-

88 861 198 909 ferti
232 867 409 908 tantum
447 867 494 908 et
519 859 627 923 pilis
654 861 867 922 emissiS,
908 869 1018 924 post
1047 860 1331 909 umbonibus
1360 868 1407 908 et
1431 859 1606 923 gladiis
1643 867 1766 909 stra·

88 945 198 994 gem
247 929 542 993 caedemque
591 931 948 993 continuarent,
995 931 1205 994 praedae
1252 931 1568 979 inmemores:
1629 936 1827 994 partam

88 1001 292 1049 victoria
336 1006 506 1048 cuncta
549 1000 668 1064 ipsis
708 1014 919 1048 cessura.
978 1001 1016 1047 is
1054 1001 1197 1049 ardor
1231 999 1382 1048 verba
1409 998 1553 1048 ducis
1590 1014 1764 1064 seque-

89 1069 249 1132 batur,
289 1070 355 1118 ita
394 1084 448 1117 se
485 1068 544 1118 ad
582 1068 901 1134 intorquenda
937 1070 1032 1133 pila
1063 1069 1350 1134 expedierat
1375 1078 1514 1118 vetus
1544 1069 1685 1117 miles
1717 1075 1767 1117 et

89 1139 232 1188 multa
272 1138 568 1203 proeliorum
607 1139 934 1202 experientia,
977 1148 1026 1187 ut
1066 1147 1224 1188 certus
1266 1147 1466 1188 eventus
1506 1139 1763 1188 Suetonius

90 1209 226 1257 daret
254 1223 443 1274 pugnae
471 1210 671 1272 signum.

197 1279 282 1329 37.
315 1278 391 1326 Ac
418 1280 615 1343 primum
641 1278 772 1342 legio
802 1279 954 1341 gradu
980 1281 1154 1326 inmota
1196 1286 1245 1343 et
1270 1280 1518 1342 angustias
1546 1278 1642 1327 loci
1676 1293 1763 1343 pro

95 1350 381 1398 munimento
419 1350 659 1409 retinenS,
699 1355 956 1413 postquam
980 1349 1027 1396 in
1056 1349 1258 1413 propius
1286 1361 1582 1411 suggressos
1610 1348 1767 1396 hostis

93 1426 227 1469 certo
264 1419 392 1466 iactu
427 1417 524 1466 tela
561 1417 872 1480 exhauserat,
903 1418 1037 1467 velut
1072 1433 1226 1466 cuneo
1255 1420 1426 1483 erupit.
1483 1418 1607 1466 idem
1636 1418 1766 1465 auxi-

90 1490 275 1538 liarium
309 1483 542 1552 impetus;
593 1495 640 1535 et
676 1503 826 1552 eques
869 1488 1105 1553 protentis
1146 1487 1297 1536 hastis
1340 1488 1596 1552 perfringit
1638 1486 1765 1551 quod

92 1558 282 1607 obvium
311 1564 358 1606 et
381 1557 587 1606 validum
613 1565 733 1606 erat.
785 1559 935 1606 ceteri
962 1565 1101 1621 terga
1123 1557 1414 1622 praebuere,
1443 1557 1626 1606 difficili
1649 1557 1763 1605 effu-
1787 1571 1806 1603 5

91 1629 193 1692 gio,
219 1628 328 1693 quia
356 1627 663 1676 circumiecta
691 1627 915 1676 vehicula
943 1635 1227 1691 saepserant
1253 1627 1426 1677 abitus,
1473 1635 1521 1676 et
1539 1627 1679 1675 miles
1706 1641 1765 1674 ne

89 1698 336 1747 mulierum
379 1697 569 1761 quidem
615 1699 723 1746 neci
762 1697 1090 1762 temperabat,
1145 1699 1433 1762 confixaque
1473 1697 1585 1746 telis
1626 1698 1764 1745 etiam

93 1771 297 1816 iumenta
327 1780 582 1831 corporum
611 1767 844 1816 cumulum
875 1774 1124 1816 auxerant.
1158 1767 1289 1816 clara
1310 1775 1358 1817 et
1379 1768 1585 1832 antiquis
1612 1767 1764 1815 victo-

93 1838 175 1886 riis
203 1851 289 1902 par
316 1850 373 1884 ea
404 1835 481 1884 die
507 1836 610 1885 laus
636 1844 798 1901 parta:
827 1838 1008 1902 quippe
1034 1844 1149 1885 sunt·
1167 1839 1246 1901 qui
1273 1837 1419 1901 paulo
1446 1839 1598 1886 minus
1626 1851 1764 1901 quam

96 1906 342 1970 octoginta
376 1905 503 1954 milia
538 1905 869 1955 Britannorum
904 1906 1144 1956 cecidisse
1172 1907 1386 1969 tradant,
1423 1907 1619 1956 militum
1651 1921 1765 1970 qua·
1786 1916 1825 1951 10

94 1976 358 2039 dringentis
402 1975 554 2023 ferme
604 1976 871 2024 interfectis
914 1991 1006 2024 nec
1053 1976 1199 2024 multo
1248 1977 1449 2041 amplius
1488 1976 1766 2025 vulneratis.

92 2046 335 2096 Boudicca
377 2046 521 2094 vitam
556 2059 746 2093 veneno
784 2046 951 2095 finivit.
1002 2054 1049 2094 et
1084 2044 1292 2095 Poenius
1332 2046 1585 2095 Postumus
1628 2060 1767 2109 prae-

95 2118 250 2166 fectus
280 2123 543 2164 castrorum
569 2115 811 2164 secundae
845 2115 1081 2178 legionis,
1129 2117 1338 2178 cognitis
1374 2115 1767 2180 quartadecuma-

97 2200 260 2235 norum
286 2186 819 2248 vicensimanorumque
850 2187 1102 2250 prosperis
1137 2186 1306 2249 rebuS,
1339 2186 1447 2250 quia
1475 2187 1580 2250 pari
1608 2184 1765 2248 gloria

94 2256 337 2319 legionem
369 2269 500 2303 suam
526 2254 832 2303 fraudaverat
862 2255 1188 2318 abnueratque
1218 2263 1381 2305 contra
1410 2257 1547 2304 ritum
1566 2254 1761 2303 militiae
1788 2264 1824 2297 1⁵

97 2328 227 2374 iussa
259 2323 411 2387 ducis,
439 2341 493 2374 se
521 2325 626 2389 ipse
652 2324 817 2388 gladio
846 2326 1098 2388 transegit.

196 2393 278 2444 38.
333 2393 619 2444 Contractus
656 2394 830 2443 deinde
867 2396 1018 2444 omnis
1055 2395 1297 2444 exercitus
1326 2395 1412 2444 sub
1448 2395 1656 2460 pellibus
1683 2394 1764 2442 ha·

97 2465 221 2513 bitus
250 2471 324 2512 est
360 2463 418 2512 ad
445 2464 629 2528 reliqua
655 2463 771 2514 belli
799 2465 1136 2530 perpetranda.
1188 2467 1412 2529 auxitque
1444 2466 1611 2528 copias
1643 2463 1767 2513 Cae-

97 2550 176 2584 sar
211 2534 368 2582 missis
400 2549 460 2582 ex
496 2533 745 2584 Germania
772 2535 956 2584 duobus
992 2535 1368 2599 legionariorum
1405 2534 1623 2594 milibus,
1652 2540 1766 2581 octo

99 2605 391 2653 auxiliarium
435 2602 712 2652 cohortibus
750 2620 807 2653 ac
842 2605 969 2653 mille
1013 2604 1275 2668 equitibuS,
1322 2619 1522 2669 quorum
1562 2603 1769 2652 adventu

98 2675 273 2723 nonani
308 2674 577 2737 legionario
604 2674 751 2723 milite
779 2674 988 2739 suppleti
1019 2682 1140 2722 sunt.
1193 2674 1419 2723 cohortes
1447 2674 1653 2737 alaeque
1682 2686 1765 2720 no·
1789 2687 1809 2719 5

100 2745 173 2791 vis
208 2742 533 2792 hibernaculis
570 2743 785 2806 locatae,
832 2743 1055 2808 quodque
1104 2745 1343 2792 nationum
1381 2743 1768 2805 ambiguumaut

105 2812 352 2862 adversum
381 2814 557 2875 fuerat,
597 2815 693 2876 igni
729 2821 870 2877 atque
908 2814 1038 2862 ferro
1072 2821 1299 2862 vastatur.
1357 2812 1441 2861 sed
1469 2811 1583 2876 nihil
1612 2825 1767 2875 aeque

105 2895 240 2944 quam
268 2883 418 2931 fames
445 2883 704 2945 adfligebat
729 2882 946 2932 serendis
974 2882 1192 2944 frugibus
1227 2883 1526 2944 incuriOSOS,
1566 2889 1613 2930 et
1640 2881 1767 2930 omni
