1976 3224
647 233 820 272 1213ssss
857 235 952 273 xv.
987 235 1111 273 CAP.
1154 233 1355 278 37—41.
1727 228 1830 279 299

168 376 319 423 gnere
347 361 723 425 prohibentium,
763 369 812 410 et
836 363 946 426 quia
973 361 1053 410 alii
1079 363 1236 427 palam
1262 363 1399 414 faces
1423 363 1663 414 iaciebant
1686 373 1830 429 atque
1844 383 1888 415 25

166 445 278 478 esse
314 430 405 478 sibi
445 438 691 479 auctorem
723 430 1137 495 vociferabantur,
1184 434 1287 480 sive
1326 441 1375 482 ut
1408 441 1572 499 raptus
1607 434 1831 483 licentius

165 507 455 548 exercerent
480 515 565 548 seu
590 502 738 549 iussu.
1791 538 1793 540 ·

269 568 353 618 39.
386 569 460 617 Eo
483 570 529 616 in
565 577 784 634 tempore
817 568 949 617 Nero
980 569 1110 617 Antii
1145 585 1296 633 agens
1327 586 1423 620 non
1448 579 1557 620 ante
1586 574 1632 620 in
1661 571 1830 622 urbem

164 653 424 700 regressus
453 645 527 686 est
559 653 697 702 quam
729 638 886 687 domui
917 640 1044 700 eiuS,
1084 650 1174 702 qua
1201 640 1434 689 Palatium
1461 649 1509 689 et
1531 641 1829 692 Maecenatis

163 708 335 756 hortos
371 709 757 770 continuaverat,
795 709 919 770 ignis
945 709 1306 773 propinquaret.
1360 725 1519 774 neque
1543 718 1701 759 tamen
1725 713 1829 759 sisti

91 837 94 841 ι
165 778 342 841 potuit,
381 778 494 841 quin
536 785 583 825 et
611 778 842 826 Palatium
880 785 927 824 et
961 777 1127 826 domus
1163 786 1211 826 et
1248 787 1416 828 cuncta
1458 782 1636 828 circum
1670 780 1826 829 hauri-

162 854 342 895 rentur.
393 847 481 895 sed
514 847 747 895 solacium
784 847 965 910 populo
1003 847 1256 896 exturbato
1283 864 1342 897 ac
1372 849 1580 912 profugo
1609 864 1827 914 campum
1849 867 1869 898 ⁵

159 917 326 966 Martis
356 932 414 964 ac
440 924 743 964 monumenta
772 916 1049 979 Agrippae,
1080 916 1248 965 hortos
1284 919 1395 981 quin
1422 920 1563 966 etiam
1599 933 1714 967 suos
1746 933 1826 983 pa-

161 985 328 1035 tefecit
369 993 416 1033 et
451 984 677 1034 subitaria
706 985 922 1033 aedilicia
963 987 1199 1033 exstruxit
1233 1001 1356 1050 quae
1391 987 1734 1036 multitudinem
1759 990 1828 1036 in-

162 1070 304 1118 opem
340 1055 643 1118 acciperent;
678 1054 1008 1118 subvectaque
1042 1055 1265 1104 utensilia
1293 1056 1351 1104 ab
1379 1055 1511 1105 Ostia
1547 1064 1596 1105 et
1629 1059 1825 1122 propin-

162 1126 266 1189 quis
300 1125 591 1187 municipiiS‚
630 1125 929 1188 pretiumque
962 1123 1183 1172 frumenti
1219 1127 1442 1173 minutum
1467 1141 1619 1190 usque
1647 1126 1706 1174 ad
1731 1134 1824 1174 ter-

160 1208 248 1242 nos
274 1208 505 1242 nummos,
555 1208 677 1256 quae
705 1207 986 1257 quamquam
1018 1193 1270 1257 popularia
1297 1196 1343 1241 in
1366 1196 1553 1242 inritum
1572 1194 1822 1258 cadebant,
1843 1210 1883 1242 ιο

161 1265 268 1328 quia
303 1270 588 1328 pervaserat
618 1277 780 1310 rumor
818 1264 925 1326 ipso
962 1269 1181 1325 tempore
1220 1263 1467 1325 flagrantis
1507 1263 1640 1312 urhis
1674 1265 1822 1312 inisse

159 1348 266 1381 eum
303 1332 612 1381 domesticam
650 1346 874 1380 scaenam
914 1338 962 1378 et
1002 1332 1240 1380 cecinisse
1272 1332 1529 1381 Troianum
1565 1333 1820 1396 excidium,

158 1403 434 1467 praesentia
460 1401 583 1450 mala
609 1402 810 1448 vetustis
838 1399 1053 1448 cladibus
1079 1400 1457 1450 adsimulantem.

262 1473 346 1522 40.
385 1472 535 1519 Sexto
562 1470 749 1519 demum
774 1470 850 1518 dIe
880 1469 1005 1534 apud
1042 1471 1159 1518 imas
1185 1470 1426 1534 Esquilias
1453 1471 1559 1520 finis
1596 1471 1821 1520 incendio

157 1542 340 1601 factuS,
369 1543 580 1604 prorutis
607 1555 695 1604 per
719 1542 981 1587 inmensum
1005 1539 1260 1603 aediliciiS,
1288 1548 1338 1588 ut
1363 1542 1617 1589 continuae
1638 1540 1820 1589 violen-

158 1612 250 1659 tiae
298 1624 495 1673 campus
532 1617 580 1656 et
624 1609 756 1657 velut
792 1623 993 1657 vacuum
1039 1609 1224 1658 caelum
1262 1617 1560 1657 occurreret.
1618 1609 1822 1658 necdum

159 1680 359 1743 positus
367 1686 548 1740 metuS,
588 1685 637 1726 et
674 1678 816 1726 rediit
851 1677 976 1725 haud
1013 1678 1167 1726 levius
1197 1693 1384 1726 rursum
1409 1686 1661 1741 grassatus
1695 1679 1821 1741 ignis

159 1748 330 1811 patulis
353 1749 507 1810 magis
539 1746 668 1795 urbis
694 1747 833 1810 lociS,
861 1761 1019 1810 eoque
1043 1754 1235 1810 strages
1260 1746 1498 1795 hominum
1528 1749 1707 1796 minor:
1737 1747 1816 1795 de·
1838 1766 1859 1797 5

160 1817 292 1866 lubra
327 1816 465 1864 deum
499 1824 546 1864 et
582 1818 797 1879 porticus
834 1817 1109 1864 amoenitati
1143 1817 1330 1866 dicatae
1366 1809 1506 1866 latius
1545 1816 1819 1882 procidere.

157 1887 364 1950 plusque
391 1885 610 1934 infamiae
637 1883 684 1932 id
710 1884 979 1933 incendium
1004 1884 1195 1947 habuit,
1225 1887 1332 1948 quia
1360 1887 1570 1949 praediis
1598 1886 1823 1948 Tigellini

155 1955 436 2004 Aemilianis
469 1962 783 2018 proruperat;
821 1952 1168 2016 videbaturque
1203 1953 1336 2003 Nero
1375 1956 1654 2003 condendae
1689 1954 1822 2002 urbis

156 2040 313 2074 novae
358 2032 406 2072 et
452 2030 775 2086 cognomento
819 2036 905 2070 suo
958 2022 1277 2086 appellandae
1315 2024 1521 2086 gloriam
1566 2038 1819 2088 quaerere.

156 2096 336 2158 quippe
382 2094 429 2141 in
470 2093 699 2155 regiones
736 2091 1114 2155 quattuordecim
1148 2092 1303 2141 Roma
1338 2092 1583 2155 dividitur,
1624 2106 1820 2156 quarum
1837 2106 1877 2138 10

156 2171 378 2227 quattuor
397 2163 615 2224 integrae
635 2160 904 2223 manebant,
932 2168 1032 2208 tres
1058 2160 1166 2209 solo
1192 2169 1329 2209 tenus
1356 2162 1602 2210 deiectae:
1633 2168 1819 2225 septem

155 2233 353 2295 reliquis
371 2246 522 2294 pauca
546 2238 781 2293 tectorum
794 2230 1000 2291 vestigia
1021 2238 1321 2293 supererant,
1338 2230 1502 2279 lacera
1520 2238 1568 2279 et
1590 2237 1815 2278 semusta.

261 2303 345 2350 41.
381 2300 615 2348 Domuum
655 2307 703 2347 et
739 2298 997 2346 insularum
1037 2306 1084 2346 et
1123 2298 1438 2363 templorum,
1484 2313 1608 2364 quae
1644 2301 1819 2347 amissa

156 2379 288 2430 sunt,
316 2383 560 2418 numerum
585 2369 705 2416 inire
732 2367 857 2416 haud
887 2374 1158 2430 promptum
1186 2369 1355 2417 fuerit:
1383 2369 1470 2417 sed
1495 2370 1817 2417 vetustissima

155 2439 419 2501 religione,
450 2437 577 2502 quod
603 2438 800 2485 Servius
822 2436 1004 2485 Tullius
1028 2436 1216 2498 Lunae,
1255 2445 1303 2485 et
1326 2453 1497 2500 magna
1530 2452 1611 2485 ara
1637 2437 1816 2485 fanum·

157 2524 267 2573 que,
292 2522 414 2572 quae
435 2507 678 2570 praesenti
692 2505 887 2554 Herculi
906 2505 1064 2553 Arcas
1082 2505 1308 2554 Evander
1327 2512 1625 2567 sacraverat,
1645 2505 1815 2553 aedes-

155 2594 247 2642 que
273 2577 478 2626 Statoris
503 2575 633 2623 Iovis
662 2583 773 2623 vota
803 2574 1010 2623 Romulo
1037 2573 1317 2638 Numaeque
1341 2576 1479 2636 regia
1501 2581 1547 2622 et
1567 2573 1816 2622 delubrum
1835 2587 1858 2620 ι

154 2648 337 2695 Vestae
374 2660 477 2694 cum
514 2644 770 2692 Penatibus
796 2643 962 2707 populi
997 2643 1196 2690 Romani
1225 2651 1418 2699 exusta;
1459 2645 1550 2691 iam
1589 2656 1712 2706 opes
1744 2650 1817 2692 tot

155 2716 374 2765 victoriis
400 2714 644 2778 quaesitae
674 2720 722 2760 et
748 2711 1036 2760 Graecarum
1063 2713 1231 2760 artium
1256 2711 1462 2775 decora,
1501 2712 1627 2759 exim
1648 2726 1811 2761 monu-

155 2793 311 2833 menta
343 2784 643 2847 ingeniorum
690 2782 879 2844 antiqua
921 2788 968 2828 et
1013 2781 1313 2845 incorrupta:
1355 2782 1569 2845 quamvis
1605 2782 1652 2828 in
1685 2788 1813 2828 tanta

156 2855 452 2916 resurgentis
489 2851 620 2899 urbis
671 2849 1021 2914 pulchritudine
1060 2850 1204 2897 multa
1245 2851 1465 2898 seniores
1501 2850 1811 2910 meminerint,

156 2937 279 2985 quae
322 2922 537 2984 reparari
584 2918 856 2981 nequibant.
926 2918 1060 2966 fuere
1107 2920 1185 2981 qui
1230 2918 1513 2967 adnotarent
1543 2915 1680 2966 XIIII
1703 2915 1809 2965 Kal.
1831 2933 1872 2968 ιο
