2008 3230
193 166 255 214 10
628 173 904 213 CORNELII
931 174 1127 212 TACITI
1147 174 1453 215 ANNALIUM

128 322 172 357 ιο
192 304 519 366 consentitur,
558 316 649 367 pro
687 302 915 351 Arruntio
961 303 1149 366 quidam
1192 300 1278 350 Cn.
1325 300 1549 350 Pisonem
1591 301 1863 357 tradidere‚·
1916 314 1919 316 ·

189 389 456 437 omnesque
493 380 690 437 praeter
723 371 956 436 Lepidum
993 373 1137 421 variis
1184 386 1297 419 mox
1338 371 1611 419 criminibus
1651 378 1865 419 struente

187 443 382 492 Tiberio
423 442 736 491 circumventi
771 450 895 490 sunt.
961 443 1104 490 etiam
1142 440 1200 503 Q.
1236 440 1460 489 Haterius
1505 448 1554 488 et
1594 439 1865 489 Mamercus

187 515 398 563 Scaurus
429 512 735 577 suspicacem
755 512 957 560 animum
978 512 1327 576 perstrinxere,
1349 509 1572 559 Haterius
1595 525 1700 558 curn
1721 509 1866 558 dixis-

189 590 265 631 set
298 584 584 647 ‘quousque
607 582 835 645 patieriS,
866 579 1076 643 Caesar,
1104 595 1201 629 non
1239 581 1415 630 adesse
1444 587 1586 644 caput
1611 581 1684 628 rei
1712 578 1866 643 publi-

131 667 172 700 15
191 649 367 715 cae?',
409 651 621 701 Scaurus
657 651 766 715 quia
794 651 1008 713 dixerat,
1034 666 1185 714 spem
1223 665 1334 699 esse
1370 665 1435 698 ex
1473 664 1533 698 eo
1568 663 1664 698 non
1701 649 1868 698 inritas

186 724 296 772 fore
323 729 521 771 senatus
549 735 747 785 preces,
774 721 904 785 quod
929 721 1152 769 relationi
1182 719 1432 769 consulum
1454 720 1559 768 iure
1585 719 1866 768 tribuniciae

188 793 444 857 potestatis
490 805 588 840 non
623 792 1002 839 intercessisset.
1065 792 1112 838 in
1157 789 1401 839 Haterium
1447 789 1603 837 statim
1647 788 1866 837 invectus

189 869 290 918 est;
320 862 571 924 Scaurum,
600 862 675 909 cui
700 860 1035 925 inplacabilius
1063 859 1388 921 irascebatur,
1428 859 1621 907 silentio
1651 858 1865 907 tramisit.

187 933 450 995 fessusque
481 931 694 979 clamore
722 931 945 992 omnium,
975 930 1366 994 expostulatione
1407 929 1704 991 singulorum
1733 921 1867 976 flexit

127 1016 173 1049 20
189 1002 435 1067 paulatim,
463 1015 560 1049 non
585 1008 636 1049 ut
662 1000 898 1048 fateretur
923 1001 1104 1063 suscipi
1130 1015 1155 1048 a
1178 1015 1232 1047 se
1257 1000 1535 1063 imperium,
1577 998 1666 1046 sed
1699 1004 1751 1045 ut
1783 1012 1865 1045 ne·

188 1086 310 1135 gare
337 1078 386 1119 et
411 1071 576 1133 rogari
604 1070 865 1118 desineret.
920 1077 1107 1118 constat
1133 1069 1404 1130 Haterium,
1441 1083 1546 1116 cum
1573 1066 1866 1131 deprecandi

190 1156 336 1190 causa
363 1140 596 1188 Palatium
621 1140 868 1188 introisset
893 1139 1274 1202 ambulantisque
1301 1138 1480 1186 Tiberii
1506 1152 1663 1200 genua
1701 1135 1865 1185 advol-

189 1218 406 1273 veretur,
434 1224 594 1274 prope
620 1225 647 1258 a
675 1209 903 1258 militibus
931 1208 1254 1270 interfectum,
1293 1209 1403 1271 quia
1424 1206 1646 1255 Tiberius
1669 1221 1783 1254 casu
1809 1220 1867 1254 an

188 1280 405 1329 manibus
434 1280 535 1328 eius
563 1279 805 1343 inpeditus
834 1279 1128 1343 prociderat.
1182 1293 1340 1341 neque
1370 1285 1526 1326 tamen
1552 1275 1772 1340 periculo
1798 1282 1865 1323 ta-

130 1366 175 1399 25
193 1351 251 1399 lis
280 1350 371 1398 viri
396 1350 638 1411 mitigatus
667 1356 768 1413 est,
801 1349 958 1398 donec
988 1348 1211 1396 Haterius
1235 1347 1503 1410 Augustam
1539 1352 1702 1394 oraret
1743 1345 1865 1393 eius·

193 1435 288 1485 que
316 1419 627 1467 curatissimis
653 1418 885 1482 precibus
907 1425 1268 1483 protegeretur.

304 1490 382 1537 14.
421 1487 570 1536 Multa
611 1495 797 1551 patrum
839 1495 888 1536 et
918 1489 965 1535 in
999 1486 1265 1550 Augustam
1304 1486 1532 1534 adulatio.
1584 1485 1663 1533 alii
1694 1498 1864 1548 paren·

195 1567 321 1621 tem,
360 1558 439 1606 alii
477 1565 676 1606 matrem
713 1558 899 1621 patriae
942 1556 1305 1621 appellandam,
1347 1555 1569 1619 plerique
1605 1561 1656 1602 ut
1691 1554 1865 1602 nomini

194 1628 422 1678 Caesaris
444 1627 803 1675 adscriberetur
824 1627 1002 1676 ‘Iuliae
1027 1626 1179 1674 filius’
1205 1625 1483 1674 censebant.
1511 1624 1593 1672 ille
1615 1622 1864 1671 moderan-

193 1699 282 1747 dos
324 1698 604 1745 feminarum
630 1696 843 1745 honores
876 1696 1098 1746 dictitans
1144 1696 1410 1758 eademque
1454 1709 1507 1742 se
1552 1693 1865 1756 temperantia

148 1779 171 1811 5
195 1783 387 1816 usurum
416 1767 462 1813 in
488 1767 545 1813 iis
575 1781 698 1829 quae
730 1765 820 1814 sibi
847 1766 1200 1826 tribuerentur,
1242 1771 1456 1813 ceterum
1491 1764 1659 1811 anxius
1693 1761 1866 1810 invidia

194 1846 242 1886 et
267 1835 504 1884 muliebre
525 1835 766 1898 fastigium
792 1836 840 1883 in
866 1835 1235 1883 deminutionem
1262 1834 1334 1881 sui
1361 1834 1605 1896 accipiens
1637 1846 1697 1879 ne
1728 1831 1865 1879 licto·

192 1922 294 1955 rem
321 1905 513 1969 quidem
547 1906 591 1952 ei
619 1905 816 1954 decerni
846 1919 1020 1970 passus
1051 1912 1126 1952 est
1151 1918 1378 1966 aramque
1405 1902 1680 1967 adoptionis
1701 1907 1748 1961 et
1773 1899 1866 1948 alia

193 1976 395 2026 huiusce
423 1974 551 2022 modi
574 1975 832 2038 prohibuit.
885 1982 931 2023 at
968 1973 1250 2022 Germanico
1279 1971 1479 2021 Caesari
1515 1969 1866 2036 proconsulare

194 2047 448 2110 imperium
477 2045 663 2109 petivit,
690 2046 920 2108 missique
951 2044 1098 2106 legati
1127 2044 1206 2107 qui
1230 2043 1493 2103 deferrent,
1519 2040 1655 2089 simul
1676 2040 1866 2088 maesti·

139 2125 179 2158 10
195 2117 306 2165 tiam
334 2115 436 2162 eius
465 2114 527 2163 ob
559 2112 817 2162 excessum
844 2114 1049 2176 Augusti
1076 2113 1370 2162 solarentur.
1428 2125 1524 2174 quo
1556 2111 1709 2158 minus
1742 2108 1868 2156 idem

195 2200 284 2250 pro
332 2184 494 2233 Druso
532 2184 885 2247 postularetur,
927 2198 984 2231 ea
1023 2197 1166 2231 causa
1214 2181 1341 2245 quod
1384 2180 1661 2242 designatus
1700 2176 1866 2227 consul

195 2255 383 2303 Drusus
422 2269 754 2316 praesensque
800 2260 918 2301 erat.
981 2252 1262 2301 candidatos
1309 2257 1566 2314 praeturae
1611 2248 1865 2297 duodecim

122 2317 125 2321 ¹
195 2323 474 2383 nominavit,
504 2338 749 2370 numerum
774 2322 833 2370 ab
862 2322 1084 2384 Augusto
1112 2321 1354 2374 traditum;
1399 2325 1447 2366 et
1480 2318 1701 2366 hortante
1730 2331 1865 2365 sena-

197 2401 245 2441 tu
278 2400 328 2439 ut
357 2399 576 2453 augeret,
606 2393 709 2439 iure
735 2391 934 2439 iurando
962 2390 1216 2439 obstrinxit
1242 2404 1295 2437 se
1320 2402 1415 2436 non
1444 2401 1773 2436 excessurum.

249 2488 252 2489 ν
305 2462 384 2510 15.
427 2460 544 2508 Tum
582 2463 782 2525 primum
821 2477 846 2508 e
888 2474 1058 2524 campo
1095 2459 1287 2508 comitia
1331 2458 1389 2506 ad
1431 2464 1594 2520 patres
1636 2454 1863 2504 translata

198 2539 331 2580 sunt:
370 2545 477 2578 nam
513 2531 572 2579 ad
613 2545 718 2579 eam
757 2531 910 2590 diem,
955 2531 1046 2578 etsi
1081 2529 1327 2593 potissima
1374 2526 1570 2575 arbitrio
1612 2525 1861 2589 principis,

200 2601 434 2666 quaedam
453 2608 611 2648 tamen
637 2600 805 2648 studiis
825 2599 1028 2648 tribuum
1049 2598 1240 2647 fiebant.
1285 2612 1445 2660 neque
1472 2595 1682 2661 populus
1706 2593 1864 2642 adem·

198 2679 330 2735 ptum
355 2671 427 2718 ius
456 2678 654 2734 questus
682 2677 757 2718 est
787 2669 877 2717 nisi
910 2669 1035 2717 inani
1071 2682 1290 2728 rumore,
1330 2674 1378 2714 et
1413 2672 1606 2714 senatus
1651 2663 1863 2725 largitio-

160 2753 182 2784 5
201 2741 339 2788 nibus
365 2755 423 2788 ac
449 2740 676 2803 precibus
707 2738 913 2788 sordidis
942 2738 1192 2787 exsolutus
1213 2736 1368 2784 libens
1392 2736 1556 2795 tenuit,
1584 2734 1863 2781 moderante

200 2809 394 2856 Tiberio
431 2825 490 2856 ne
531 2809 697 2872 plures
740 2824 878 2873 quam
914 2816 1138 2870 quattuor
1174 2805 1449 2854 candidatos
1491 2801 1863 2862 commendaret,

198 2879 303 2926 sine
331 2878 524 2941 repulsa
551 2886 597 2925 et
625 2878 801 2925 ambitu
838 2877 1179 2939 designandos.
1229 2876 1352 2922 inter
1393 2887 1515 2937 quae
1551 2871 1723 2920 tribuni
1761 2869 1863 2935 ple-
