1976 3224
251 213 349 264 198
675 225 951 266 CORNELII
974 228 1170 267 TACITI
1196 229 1499 270 ANNALIUM

241 351 429 416 Pallas,
468 355 536 403 illi
563 353 791 405 Callistus
826 357 1043 407 fautores
1073 358 1292 415 aderant;
1333 366 1381 407 at
1405 359 1543 408 Aelia
1572 361 1766 410 Paetina
1793 377 1820 410 e
1846 362 1914 410 fa-

240 423 365 471 milia
396 424 699 473 Tuberonum
724 421 955 476 Narcisso
984 428 1256 477 fovebatur.
1309 429 1415 492 ipse
1451 429 1545 478 huc
1567 430 1733 494 mod0,
1769 432 1912 480 modo

181 506 223 539 ιο
239 493 369 555 illuc
399 503 447 543 ut
473 510 710 559 quemque
737 497 1033 546 suadentium
1058 498 1299 561 audierat,
1331 507 1606 564 promptus,
1635 499 1912 550 discordan-

238 571 313 612 tes
339 566 385 612 in
415 564 665 614 consilium
695 575 839 615 vocat
867 582 923 615 ac
951 582 1176 631 promere
1206 569 1488 617 sententiam
1525 577 1572 618 et
1605 569 1801 620 adicere
1839 587 1911 620 ra-

236 634 395 682 tiones
422 634 570 683 iubet.

341 704 389 752 2.
441 704 699 754 Narcissus
738 714 875 755 vetus
921 708 1292 771 matrimonium,
1342 709 1564 758 familiam
1613 724 1910 759 communem

238 775 370 838 (nam
398 775 608 823 Antonia
634 791 695 824 ex
720 776 915 825 Paetina
943 777 1090 841 erat),
1119 777 1275 826 nihil
1262 794 1307 826 1n
1336 778 1589 843 penatibus
1611 780 1712 828 eius
1734 795 1910 829 novum

237 843 533 909 disserebat,
579 846 619 894 si
657 854 790 895 sueta
821 849 1031 895 coniunx
1059 847 1256 908 rediret,
1287 847 1648 914 haudquaquam
1675 865 1909 899 noverca·

235 913 359 962 libus
402 915 525 964 odiis
571 917 733 965 visura
775 916 1098 965 Britannicum
1138 922 1186 966 et
1226 917 1499 981 Octaviam,
1547 921 1767 983 proxima
1813 922 1910 968 suis

196 986 456 1049 spignora.
519 985 743 1035 Callistus
780 986 1083 1051 inprobatam
1124 987 1273 1050 longo
1309 988 1534 1051 discidio,
1575 1004 1632 1038 ac
1658 991 1698 1037 si
1722 1005 1908 1039 rursum

233 1054 586 1118 adsumeretur,
631 1070 692 1104 eo
726 1057 835 1120 ipso
875 1057 1156 1121 superbam;
1206 1058 1453 1122 longeque
1492 1059 1672 1108 rectius
1707 1059 1907 1110 Lolliam

231 1124 414 1187 induci,
445 1125 634 1189 quando
662 1126 821 1174 nullos
847 1126 1029 1175 liberos
1056 1129 1331 1190 genuisset,
1362 1143 1560 1177 vacuam
1589 1129 1908 1179 aemulatione

174 1219 176 1221 >
232 1203 279 1242 et
319 1196 556 1259 privignis
600 1198 811 1260 parentis
852 1197 965 1245 loco
1003 1197 1223 1246 futuram.
1278 1205 1324 1246 at
1359 1197 1520 1247 Pallas
1556 1198 1602 1247 id
1632 1201 1834 1248 maxime
1862 1201 1906 1247 in

230 1264 505 1330 Agrippina
533 1265 745 1329 laudare,
778 1267 906 1330 quod
939 1266 1208 1316 Germanici
1234 1275 1461 1332 nepotem
1489 1284 1652 1317 secum
1674 1269 1904 1331 traheret,

171 1351 214 1386 ιο
233 1335 425 1397 dignum
461 1350 662 1399 prorsus
696 1338 1006 1400 imperatoria
1042 1337 1258 1410 fortuna:
1300 1339 1497 1402 stirpem
1524 1338 1732 1387 nobilem
1762 1347 1807 1387 et
1838 1340 1904 1387 fa-

228 1405 386 1453 miliae
411 1404 582 1455 Iuliae
608 1404 932 1470 Claudiaeque
962 1414 1191 1471 posteros
1216 1401 1574 1471 coniungeret,
1622 1423 1681 1456 ne
1730 1409 1905 1457 femina

229 1483 463 1539 expertae
491 1476 813 1539 fecunditatiS,
843 1478 1030 1540 integra
1051 1478 1259 1540 iuventa
1290 1477 1617 1527 almitudinem
1641 1476 1898 1527 Caesarum

228 1545 405 1594 aliam
392 1561 438 1592 ιη
466 1545 652 1594 domum
679 1547 844 1594 ferret.
1477 1607 1485 1614 ·

332 1615 378 1664 3.
418 1615 741 1664 Praevaluere
769 1616 889 1664 haec
916 1616 1072 1664 adiuta
1099 1615 1400 1679 Agrippinae
1440 1616 1729 1677 inlecebris,
1770 1630 1903 1680 quae

228 1685 284 1733 ad
314 1701 419 1733 eum
443 1701 532 1749 per
559 1687 774 1749 speciem
800 1685 1170 1734 necessitudinis
1198 1685 1371 1733 crebro
1410 1685 1689 1734 ventitando
1717 1686 1903 1750 pellicit

228 1762 461 1819 patruum,
495 1762 543 1803 ut
567 1755 783 1819 praelata
815 1757 991 1804 ceteris
1026 1763 1073 1803 et
1109 1755 1313 1803 nondum
1341 1770 1463 1804 uxor
1487 1757 1700 1819 potentia
1733 1757 1898 1804 uxoria

225 1826 316 1873 iam
343 1832 572 1873 uteretur.
626 1840 732 1873 nam
758 1825 836 1873 ubi
865 1827 935 1873 sui
961 1826 1242 1873 matrimonii
1271 1832 1403 1873 certa
1433 1825 1542 1886 fuit,
1583 1833 1768 1874 struere
1803 1841 1897 1873 ma·

185 1910 204 1942 5
225 1896 327 1944 iora
355 1897 642 1960 nuptiasque
666 1895 880 1958 Domitii,
909 1910 1049 1959 quem
1078 1910 1139 1942 ex
1167 1893 1253 1942 Cn.
1283 1894 1616 1944 Ahenobarbo
1643 1903 1896 1958 genuerat,

226 1974 271 2013 et
312 1964 541 2014 Octaviae
573 1964 799 2014 Caesaris
842 1966 970 2014 filiae
995 1964 1175 2020 moliri;
1210 1964 1337 2028 quod
1363 1966 1467 2012 sine
1501 1965 1693 2014 scelere
1723 1980 1896 2029 perpe-

223 2036 337 2083 trari
365 2051 460 2084 non
490 2042 707 2099 poterat,
741 2035 850 2100 quia
874 2035 924 2083 L.
955 2035 1119 2083 Silano
1153 2034 1478 2098 desponderat
1506 2034 1751 2083 Octaviam
1777 2034 1895 2084 Cae·

224 2121 301 2153 sar
335 2107 655 2169 iuvenemque
695 2113 742 2153 et
781 2106 873 2154 alia
912 2105 1090 2154 clarum
1126 2105 1300 2167 insigni
1338 2104 1686 2168 triumphalium
1726 2112 1772 2152 et
1795 2104 1895 2167 gla-

225 2175 414 2223 diatorii
439 2176 648 2223 muneris
677 2175 1035 2238 magnificentia
1061 2174 1330 2238 protulerat
1362 2173 1419 2222 ad
1441 2173 1595 2222 studia
1619 2173 1766 2236 vulgi.
1809 2173 1894 2221 sed

166 2255 206 2290 ιο
223 2245 334 2292 nihil
365 2245 555 2293 arduum
587 2244 876 2293 videbatur
864 2261 908 2292 m
936 2246 1089 2293 animo
1118 2244 1378 2308 principiS,
1417 2245 1491 2291 cui
1527 2258 1620 2291 non
1656 2242 1892 2306 iudicium,

222 2329 317 2362 non
347 2314 503 2362 odium
534 2322 634 2362 erat
664 2315 752 2362 nisi
781 2314 923 2362 indita
951 2320 998 2362 et
1027 2315 1171 2361 iussa.

323 2384 370 2431 4.
407 2383 556 2446 Igitur
581 2384 836 2446 Vitellius,
865 2384 1054 2431 nomine
1083 2384 1302 2430 censoris
1329 2382 1533 2431 serviles
1562 2359 1778 2432 fallacias
1808 2382 1892 2431 ob-

223 2462 394 2516 tegens
432 2454 845 2516 ingruentiumque
875 2453 1244 2501 dominationum
1273 2453 1524 2516 provisor,
1568 2466 1662 2516 quo
1684 2453 1891 2534 gratiam

221 2523 526 2587 Agrippinae
555 2530 763 2586 pararet,
796 2522 1010 2571 consiliis
1035 2522 1134 2570 eius
1165 2522 1428 2585 implicari,
1467 2522 1596 2570 ferre
1626 2522 1818 2570 crimina
1846 2524 1891 2569 in

223 2594 456 2655 Silanum,
499 2594 629 2641 cuius
668 2607 782 2640 sane
823 2592 999 2641 decora
1028 2599 1075 2640 et
1102 2606 1286 2655 procax
1314 2606 1485 2654 soror,
1517 2590 1646 2639 Iunia
1674 2588 1888 2654 Calvina,
1944 2655 1946 2657 Ι

178 2681 197 2712 5
220 2662 341 2711 haud
368 2663 514 2710 multo
543 2669 650 2711 ante
678 2662 860 2711 Vitellii
888 2676 1032 2709 nurus
1061 2660 1230 2709 fuerat.
1285 2661 1393 2710 hinc
1422 2661 1596 2709 initium
1624 2662 1887 2709 accusatio-

219 2734 311 2788 nis;
345 2733 639 2795 fratrumque
678 2746 772 2780 non
813 2733 1070 2792 incestum,
1110 2731 1196 2779 sed
1232 2730 1564 2779 incustoditum
1591 2743 1801 2779 amorem
1829 2731 1887 2779 ad

218 2801 449 2850 infamiam
481 2803 636 2849 traxit.
699 2809 744 2849 et
772 2800 1036 2864 praebebat
1063 2798 1244 2862 Caesar
1272 2815 1437 2861 aureS,
1471 2799 1770 2861 accipiendis
1807 2799 1886 2849 ad-

218 2885 384 2918 versus
422 2886 652 2932 generum
701 2870 1044 2934 suspitionibus
1088 2871 1284 2918 caritate
1332 2868 1455 2916 filiae
1506 2870 1788 2932 promptior.
1841 2876 1887 2917 at

217 2939 404 2987 Silanus
432 2940 706 2987 insidiarum
735 2941 926 2987 nescius
955 2954 1009 2986 ac
1037 2939 1164 2986 forte
1191 2952 1249 2986 eo
1278 2951 1398 2986 anno
1432 2945 1654 3001 praetor,
1683 2946 1884 3002 repente
