1950 3210
523 178 978 246 coMMENTARms
1019 206 1300 244 emmone.
1615 206 1759 244 xxm

35 348 115 399 ’2,
142 347 199 391 56
223 346 267 386 et
291 346 345 398 6,
379 345 436 388 42
478 332 485 403 Ι
530 345 586 388 13
610 339 815 384 effodere
849 337 918 382 R.-
948 342 993 381 et
1019 338 1182 382 fodere
1209 350 1270 382 ex
1295 344 1465 387 vetere,
1498 342 1548 382 ut
1571 337 1761 387 videtur.

59 413 297 470 scriptura
326 410 549 455 ecfodere

204 477 296 538 21,
324 485 353 528 8
377 480 712 537 digressusque
738 477 827 532 al.,
854 490 1194 534 regressusque
1220 475 1295 520 He
1327 469 1335 539 Ι
1367 477 1527 520 urbem
1553 475 1618 520 N.-
1646 476 1760 520 urbe

62 556 109 596 et
134 547 321 611 (urbem
348 554 395 594 et
418 545 508 607 al.)

202 614 298 676 22,
334 623 364 665 4
387 630 478 662 non
506 617 725 661 infitiatus
759 617 795 660 J
805 615 869 660 G.-
908 614 1018 660 noni
1044 627 1146 660 cum
1174 616 1342 659 lacuna
1368 615 1581 659 tredecim
1607 615 1759 657 litera-

62 704 167 734 rum
199 683 206 752 Ι
238 694 266 737 8
292 684 367 747 id]
401 687 462 731 sit
492 678 500 750 Ι
535 693 587 733 15
617 686 794 730 Potitus
821 685 882 729 L.-
912 689 1050 742 potus
1083 677 1090 748 Ι
1123 690 1179 731 20
1206 683 1314 742 lege
1340 683 1508 729 suillae

201 754 295 814 23,
332 763 354 803 1
380 756 607 814 Vipstano
633 754 873 812 Rupertus
899 752 999 814 (ep.
1022 757 1088 799 48
1113 755 1176 797 ad
1194 748 1435 811 Reines.):
1472 753 1662 811 uipsana
1695 744 1702 815 Ι
1735 757 1762 799 6

64 841 256 886 egenam
295 825 588 884 Oelschldyer
637 817 644 888 Ι
694 829 722 872 8
758 823 1100 879 consanguines
1141 819 1149 887 Ι
1194 828 1247 870 12
1284 826 1446 880 captae
1488 821 1664 868 civitati
1697 821 1760 877 H,

64 897 260 956 captivis
307 895 512 951 Urlichs,
549 899 682 953 capta
722 893 784 938 sit
823 893 986 938 civitas
1012 892 1087 937 He
1129 886 1135 956 Ι
1180 898 1236 941 13
1264 896 1478 947 senator,
1518 883 1655 936 fore?
1684 885 1759 952 ΑΙ

65 970 118 1015 17
145 971 432 1021 moreretur,
470 976 554 1008 em.
587 964 660 1008 Bz
692 967 734 1007 et
757 962 910 1007 Raim.
941 962 1165 1021 Seyffert,
1195 965 1459 1007 moveretur
1481 961 1517 1004 J
1526 959 1564 1005 G
1603 956 1613 1023 Ι
1655 974 1758 1005 ara:

64 1049 171 1081 arce
198 1036 237 1080 Α
263 1032 380 1096 (ηοη
403 1034 477 1089 Η,
510 1038 560 1078 ut
581 1035 709 1078 aiunt
732 1028 975 1091 editores),
1005 1033 1128 1090 quod
1150 1043 1425 1089 quamquam
1450 1041 1555 1073 vere
1579 1042 1764 1074 correc-

63 1110 154 1150 tum
179 1105 382 1158 videtur,
427 1115 510 1148 nos
543 1107 693 1147 tamen
721 1104 863 1146 satius
892 1102 1106 1146 duximus
1142 1102 1189 1144 in
1223 1101 1318 1145 loco
1348 1100 1627 1143 conclamato
1653 1098 1768 1143 nihil

18 1170 21 1171 ⁷
63 1177 241 1220 omnino
269 1176 523 1219 immutare.
569 1165 577 1236 Ι
634 1171 870 1218 manubias
911 1172 1102 1216 deorum
1135 1170 1351 1228 deripere
1394 1168 1546 1213 conati
1589 1169 1682 1212 sint
1720 1167 1770 1213 N

55 1248 235 1303 partim
262 1258 364 1289 cam
387 1243 443 1293 H
660 1296 663 1298 ¹

206 1310 300 1370 24,
344 1320 369 1361 5
396 1313 443 1357 in
469 1325 522 1356 re
552 1311 678 1370 publ.
710 1310 995 1369 capessenda
1022 1309 1115 1354 Hm
1143 1314 1186 1354 et
1220 1307 1299 1353 W.-
1338 1322 1434 1353 rem
1469 1306 1656 1366 publica
1686 1320 1764 1351 ca-

66 1383 296 1442 pessenda
331 1379 456 1442 (rem
496 1381 622 1440 publ.
666 1393 905 1439 capessam
935 1375 1022 1438 al.)
1069 1372 1076 1443 Ι
1120 1384 1175 1426 21
1203 1378 1334 1423 dein:
1372 1377 1535 1422 eodem
1570 1377 1634 1420 al.
1667 1368 1674 1438 Ι
1707 1380 1765 1421 22

66 1454 328 1509 mandaret,
352 1464 438 1497 em.
466 1450 505 1496 L
538 1446 545 1513 Ι
577 1455 635 1499 23
659 1463 823 1495 recens
850 1450 936 1501 al.,
963 1454 1012 1492 al
1033 1464 1072 1494 v.
1106 1453 1156 1499 6,
1190 1451 1234 1492 7.
1263 1449 1351 1503 15,
1385 1449 1447 1492 68
1479 1439 1486 1509 Ι
1519 1450 1577 1493 24
1603 1445 1725 1490 uulsi
1754 1438 1761 1506 Ι

65 1525 121 1570 26
147 1521 377 1579 subimus,
402 1533 486 1566 em.
518 1520 554 1567 O
627 1533 682 1565 ac
706 1525 857 1564 tamen
882 1518 999 1563 Hm.-
1028 1523 1224 1564 attamen

206 1587 298 1648 25,
337 1597 393 1640 10
417 1590 548 1636 senia
623 1594 679 1637 14
706 1589 905 1634 exuendi
939 1588 1002 1632 L.-
1038 1585 1239 1632 exeundi
1273 1580 1279 1649 Ι
1313 1590 1368 1633 16
1398 1584 1659 1630 censorium
1692 1583 1766 1627 Fa

63 1661 378 1718 probabiliter,
415 1673 516 1705 cum
542 1673 690 1718 snpra
718 1660 778 1702 sit
807 1658 947 1702 multo
974 1656 1146 1715 gaudio
1174 1655 1416 1706 censoris;
1454 1653 1584 1712 infra
1616 1657 1766 1698 tamen

68 1733 150 1783 12,
199 1734 231 1775 4
265 1731 398 1775 etiam
436 1728 637 1774 Vitellius
678 1739 842 1772 censor
877 1728 1149 1771 nominatur.
1192 1717 1201 1788 Ι
1244 1729 1297 1774 17
1333 1724 1448 1783 fort.
1489 1723 1717 1782 permixta
1755 1716 1764 1783 Ι

65 1799 333 1858 uipsanius,
365 1811 451 1844 em.
479 1797 617 1857 Ryclc
659 1790 667 1862 Ι
707 1801 764 1843 22
793 1795 1130 1854 quinquagiens
1166 1799 1424 1852 nongenta:
1461 1793 1633 1838 LVIIII.
1663 1792 1766 1837 cod.

69 1865 196 1928 (edd.
218 1868 384 1913 habent
408 1867 740 1925 quinquaginta
767 1878 932 1910 novem
959 1859 1178 1923 centena)
1214 1856 1222 1926 Ι
1253 1868 1309 1911 25
1338 1863 1527 1908 adactus
1556 1867 1627 1906 est
1652 1861 1701 1906 N

207 1932 300 1996 26,
337 1944 360 1986 1
400 1935 511 1981 Nam
547 1937 656 1980 mal.
694 1933 884 1979 Beklcer
924 1927 932 1996 Ι
976 1933 1316 1989 adulterorum,
1365 1931 1487 1991 quod
1517 1932 1583 1975 sic
1617 1936 1767 1976 tuetur

66 2007 150 2053 Fr.
182 2006 326 2051 Jacob
364 2004 445 2062 II,
491 2007 548 2050 3.·
599 2001 722 2048 ‘Hic
757 2004 948 2048 hominis
981 2007 1222 2056 naturam,
1267 2015 1360 2046 non
1396 2013 1494 2045 rem
1530 2002 1578 2045 in
1622 2001 1771 2045 Taciti

66 2081 210 2121 mente
228 2075 378 2135 fuisse
402 2080 444 2120 et
471 2075 694 2132 prooeima
723 2072 825 2118 Silii
843 2073 1048 2131 plurima
1074 2073 1235 2116 mentio
1263 2072 1434 2116 indicat
1456 2074 1499 2114 et
1527 2069 1766 2115 facilitatis

65 2157 242 2191 nomen.
294 2145 514 2191 Homines
540 2145 659 2189 enim
685 2142 849 2188 faciles
875 2146 985 2187 sunt
1015 2141 1079 2186 ad
1110 2141 1335 2186 libidinem
1369 2141 1466 2185 eius
1491 2139 1769 2197 explendam

6 2219 8 2222 ’
57 2216 290 2275 proclives
335 2219 378 2260 et
418 2219 578 2271 sponte
618 2216 912 2258 occurrentes
919 2230 935 2262 ;
980 2223 1082 2256 eam
1123 2222 1230 2256 vero
1264 2212 1443 2267 copiam
1483 2211 1635 2267 ipsam
1680 2210 1768 2252 ista

62 2284 308 2344 fastidiens
341 2297 506 2329 rarum
539 2282 712 2342 aliquid
739 2281 1009 2340 exquirebat
1046 2285 1089 2326 et
1123 2280 1329 2325 inaudita
1359 2291 1516 2324 secum
1541 2291 1769 2324 ausurum

66 2351 414 2413 coniuyem.'
462 2345 470 2417 Ι
515 2359 542 2401 5
580 2351 910 2411 opperirentur
949 2351 1010 2395 al.
1047 2350 1273 2395 Lectionis
1314 2349 1612 2409 opperiretur
1652 2347 1770 2393 haec

68 2426 287 2468 sententia
325 2423 524 2468 videtur.-
568 2435 660 2467 non
702 2433 753 2466 eo
789 2426 965 2466 ventum
1007 2424 1059 2464 ut
1100 2423 1372 2465 senectutem
1413 2420 1645 2477 principis
1686 2417 1773 2463 sibi

70 2493 224 2538 liceret
266 2493 503 2550 opperiri,
555 2493 584 2535 i.
621 2503 659 2535 e.
706 2491 891 2536 nimium
934 2490 1124 2548 facinus
1166 2501 1216 2534 se
1257 2489 1492 2534 admisisse
1540 2502 1679 2546 quam
1721 2491 1772 2531 ut

75 2567 343 2607 senectutem
364 2561 590 2620 principis
615 2565 887 2617 exspectare
903 2564 1076 2618 posset.
1108 2552 1116 2621 Ι
1147 2563 1174 2607 7
1200 2559 1330 2618 paria
1356 2559 1453 2603 Pu.-
1480 2555 1629 2616 patria

208 2629 302 2688 27,
331 2638 354 2679 1
382 2634 507 2675 tanto
534 2629 672 2675 nullis
706 2622 713 2674 l
745 2634 774 2676 4
799 2630 925 2674 velut
947 2630 1051 2673 incl.
1084 2628 1132 2673 N
1153 2633 1196 2672 et
1207 2629 1352 2685 paulo
1374 2632 1481 2685 post
1504 2640 1606 2671 cum
1642 2627 1767 2672 Wal-

70 2701 193 2746 thero
224 2701 410 2747 audisse
457 2693 463 2762 Ι
507 2705 534 2748 6
569 2698 784 2757 nupsisse
820 2700 937 2742 coni.
963 2697 1026 2755 L,
1065 2698 1234 2755 templa
1273 2697 1456 2741 subisse
1488 2695 1564 2745 H:
1595 2697 1772 2755 siquid

68 2771 371 2828 supplendum
397 2773 484 2826 est,
517 2769 670 2813 malim
697 2766 880 2812 subisse
909 2767 1040 2811 aedis
1067 2768 1137 2810 vel
1159 2765 1290 2810 aedis
1321 2766 1477 2810 adisse

210 2835 305 2896 28,
350 2844 378 2885 2
411 2842 678 2882 ueterentur
722 2828 730 2898 Ι
777 2841 806 2883 4
851 2835 1142 2880 insultaverit
1185 2834 1440 2891 Bipontini:
1491 2835 1762 2879 exultabero

73 2903 405 2968 (exsultaverit
441 2906 694 2951 Salmasius
739 2909 783 2949 et
819 2905 883 2957 G,
931 2904 1262 2964 persultaverit
1310 2905 1395 2948 Fr.
1444 2902 1633 2961 Medici,
1682 2918 1759 2947 ex-
