1976 3224
256 134 349 184 184
665 144 940 182 CORNELII
967 144 1163 191 TAcrrl
1190 145 1496 184 ANNALIUM

248 275 415 321 visset.
449 287 572 320 nece
595 273 833 322 Vardanis
856 273 1074 321 turbatae
1100 273 1381 323 Parthorum
1403 291 1483 323 res
1504 276 1628 323 inter
1654 275 1921 340 ambigu0S,

247 344 352 407 quis
389 344 436 390 in
472 358 675 405 regnum
709 344 1030 408 acciperetur.
1082 344 1213 392 multi
1240 343 1298 392 ad
1337 345 1576 394 Gotarzen
1610 345 1922 411 inclinabant,

245 413 436 477 quidam
465 412 524 460 ad
552 412 867 462 Meherdaten
893 413 1081 477 prolem
1101 413 1338 478 PhraatiS,
1366 414 1555 464 obsidio
1576 414 1717 464 nobis
1739 416 1918 465 datum:

186 500 227 532 20
247 483 356 532 dein
398 482 667 547 praevaluit
707 483 957 532 Gotarzes.
1013 485 1290 548 potitusque
1324 486 1509 547 regiam
1545 500 1637 549 per
1676 486 1922 535 saevitiam

246 567 302 602 ac
329 553 491 601 luxum
520 552 682 615 adegit
709 553 915 602 Parthos
941 555 1131 602 mittere
1160 553 1219 602 ad
1250 555 1519 619 principem
1549 554 1814 604 Romanum
1840 569 1920 605 oc-

246 622 400 671 cultas
430 638 625 687 preceS,
655 624 761 687 quis
789 623 999 688 permitti
1022 622 1338 672 Meherdaten
1363 626 1566 689 patrium
1594 625 1652 674 ad
1679 625 1923 689 fastigium

244 693 464 742 orabant.

353 763 434 812 11.
464 762 623 811 Isdem
652 762 929 812 consulibus
957 763 1052 812 ludi
1080 763 1362 812 saeculares
1384 765 1788 828 octingentesimo
1811 773 1927 830 post

240 833 444 882 Romam
473 833 729 896 conditam,
757 841 928 898 quarto
958 841 1005 881 et
1031 835 1370 897 sexagensimo
1397 849 1536 898 quam
1555 835 1803 898 Augustus
1824 835 1920 884 edi-

244 903 379 952 derat
401 904 611 967 spectati
638 911 763 952 sunt.
809 905 1054 967 utriusque
1080 905 1312 968 principis
1334 905 1545 953 rationes
1568 907 1923 970 praetermitte,

243 975 357 1022 satis
399 981 619 1022 narratas
654 973 791 1021 libris
829 973 998 1037 quibus
1039 989 1121 1021 res
1160 975 1466 1039 imperatoris
1497 974 1755 1025 Domitiani
1792 990 1921 1025 eom-

128 1076 176 1123 *
206 1067 226 1098 5
244 1044 402 1108 posui.
453 1058 563 1091 nam
586 1044 628 1091 is
654 1058 848 1108 quoque
876 1043 1021 1091 edidit
1050 1043 1192 1092 ludos
1219 1043 1499 1093 saeculares
1521 1046 1676 1109 iisque
1697 1046 1924 1094 intentius

242 1113 370 1162 adfui
416 1112 695 1162 sacerdotio
725 1113 1141 1177 quindecimvirali
1177 1113 1425 1178 praeditus
1465 1129 1524 1163 ac
1559 1121 1671 1164 tunc
1707 1122 1920 1180 praetor.

241 1183 370 1248 quod
398 1197 493 1232 non
518 1184 743 1231 iactantia
770 1183 964 1247 refero,
993 1183 1079 1232 sed
1109 1185 1220 1248 quia
1248 1184 1462 1247 collegio
1494 1184 1923 1249 quindecimvirum

241 1254 496 1318 antiquitus
541 1268 598 1301 ea
636 1268 749 1302 cura
790 1261 836 1302 et
874 1255 1182 1316 magistratus
1209 1255 1508 1320 potissimum
1534 1254 1924 1320 exsequebantur

242 1324 404 1372 officia
427 1323 844 1372 caerimoniarum.
886 1324 1086 1372 sedente
1110 1323 1310 1373 Claudio
1335 1324 1634 1374 circensibus
1653 1324 1794 1389 ludis»,
1817 1340 1923 1374 cum

184 1413 224 1447 10
243 1394 381 1458 pueri
406 1392 599 1442 nobiles
625 1395 761 1456 equis
788 1393 1021 1442 ludicrum
1048 1393 1222 1443 Troiae
1257 1395 1431 1443 inirent
1462 1395 1684 1459 interque
1710 1409 1798 1443 eos
1821 1395 1919 1443 Bri-

240 1464 459 1513 tannicus
484 1464 781 1527 imperatore
808 1466 999 1527 genitus
1027 1471 1074 1511 et
1099 1463 1150 1512 L.
1176 1464 1414 1513 Domitius
1441 1464 1703 1530 adoptione
1740 1479 1854 1514 mox
1875 1466 1923 1513 in

240 1535 477 1598 inperium
527 1540 575 1582 et
624 1542 996 1596 cognomentum
1031 1532 1242 1583 Neronis
1290 1534 1527 1598 adscituS,
1577 1535 1718 1584 favor
1762 1534 1923 1599 plebis

242 1605 403 1654 acrior
430 1605 476 1652 in
502 1603 760 1653 Domitium
788 1604 901 1652 loco
929 1606 1174 1669 praesagii
1207 1612 1441 1668 acceptus
1469 1612 1560 1655 est.
1612 1604 1919 1667 vulgabatur-

241 1690 333 1739 que
362 1674 575 1724 adfuisse
599 1674 827 1723 infantiae
853 1676 956 1723 eius
983 1674 1222 1723 dracones
1252 1677 1299 1722 in
1324 1674 1515 1722 modum
1543 1674 1822 1737 custodum,
1851 1674 1920 1723 sa·

182 1760 221 1793 15
239 1744 413 1793 bulosa
450 1751 496 1791 et
533 1744 746 1791 externis
774 1744 1015 1792 miraculis
1052 1743 1342 1793 adsimilata:
1380 1759 1487 1792 nam
1523 1744 1649 1808 ipse,
1679 1743 1921 1808 haudqua-

240 1829 380 1878 quam
416 1814 488 1862 sui
515 1813 788 1877 detractor,
825 1829 964 1863 unam
991 1815 1182 1863 omnino
1208 1829 1413 1878 anguem
1450 1815 1496 1862 in
1521 1812 1743 1863 cubiculo
1770 1815 1920 1862 visam

238 1899 436 1933 narrare
464 1883 637 1933 solitus
664 1891 753 1932 est.

348 1954 428 2003 12.
461 1955 643 2003 Verum
670 1953 916 2003 inclinatio
947 1954 1114 2018 populi
1151 1961 1404 2018 supererat
1440 1969 1502 2002 ex
1535 1954 1764 2002 memoria
1803 1952 1921 2003 Ger-

238 2025 428 2086 manici,
458 2026 590 2072 cuius
617 2023 701 2072 illa
727 2023 914 2089 reliqua
942 2024 1140 2074 suboles
1168 2024 1342 2080 virilis;
1382 2031 1428 2072 et
1454 2025 1593 2072 matri
1616 2023 1924 2088 Agrippinae

237 2094 480 2144 miseratio
516 2093 787 2157 augebatur
823 2094 885 2143 ob
925 2095 1175 2143 saevitiam
1207 2093 1528 2157 Messalinae,
1568 2108 1691 2157 quae
1727 2107 1923 2158 semper

239 2165 414 2214 infesta
441 2172 488 2213 et
516 2171 628 2212 tunc
653 2165 966 2225 commotior,
1005 2179 1099 2229 quo
1125 2166 1278 2213 minus
1306 2171 1513 2212 strueret
1543 2163 1736 2212 crimina
1764 2171 1811 2211 et
1840 2177 1918 2211 ac-

202 2252 221 2283 5
241 2242 520 2296 cusatoreS,
559 2247 689 2283 novo
730 2241 777 2282 et
813 2234 965 2282 furori
993 2236 1214 2298 proximo
1241 2248 1405 2283 amore
1435 2232 1762 2282 distinebatur.
1813 2247 1920 2281 nam

238 2306 286 2352 in
307 2303 360 2352 C.
385 2303 568 2362 Silium,
597 2305 855 2352 iuventutis
874 2305 1121 2353 Romanae
1145 2303 1534 2368 pulcherrimum,
1562 2304 1626 2351 ita
1648 2309 1917 2364 exarserat,

240 2381 288 2422 ut
313 2373 494 2422 Iuniam
523 2373 749 2434 Silanam,
776 2373 988 2422 nobilem
1020 2374 1257 2436 seminam,
1284 2373 1585 2422 matrimonio
1613 2374 1717 2420 eius
1759 2379 1918 2420 extur-

239 2443 376 2492 baret
403 2456 656 2506 vacuoque
696 2442 914 2491 adultero
944 2450 1209 2507 poteretur.
1267 2442 1601 2507 neque-Silius
1635 2442 1803 2505 flagitii
1841 2447 1920 2490 aut

240 2512 444 2579 periculi
478 2513 671 2560 nescius
709 2519 836 2561 erat:
876 2512 963 2560 sed
1003 2520 1166 2575 certo,
1204 2514 1243 2561 si
1280 2511 1528 2575 abnueret,
1568 2513 1717 2560 exitio
1749 2517 1796 2559 et
1822 2524 1920 2559 non

185 2598 224 2631 ιο
242 2583 372 2631 nulla
396 2581 596 2631 fallendi
631 2597 749 2645 spe,
793 2582 931 2631 simul
964 2585 1149 2645 magnis
1180 2583 1422 2647 praemiis,
1452 2582 1647 2645 operire
1682 2581 1839 2628 futura
1871 2586 1920 2628 et

241 2651 578 2718 praesentibus
615 2652 707 2700 frui
748 2666 836 2715 pro
876 2652 1062 2701 solacio
1097 2651 1322 2701 habebat.
1372 2652 1453 2700 illa
1489 2665 1583 2698 non
1619 2651 1803 2712 furtim,
1832 2648 1919 2698 sed

239 2723 387 2771 multo
434 2720 661 2770 comitatu
694 2723 931 2771 ventitare
963 2723 1178 2785 domum,
1225 2720 1507 2784 egressibus
1546 2719 1916 2781 adhaerescere,

240 2791 404 2854 largiri
431 2806 570 2856 opeS,
598 2790 827 2854 honoreS,
855 2800 1130 2855 postremo,
1162 2791 1291 2839 velut
1317 2790 1544 2838 translata
1581 2789 1670 2838 iam
1705 2789 1914 2849 fortuna,

241 2862 368 2909 servi
398 2860 558 2908 liberti
588 2868 781 2924 paratus
814 2863 1047 2925 principis
1076 2860 1200 2925 apud
1233 2859 1497 2908 adulterum
1524 2857 1814 2906 visebantur.
