1976 3224
541 252 714 289 LIBER
735 252 830 290 xv.
860 250 984 289 cAP.
1012 248 1200 293 6-11,
1246 258 1251 259 ff
1599 240 1701 291 287

16 393 207 442 xmagna
238 382 405 443 specie
430 380 747 443 volitabant),
784 395 932 428 naves
969 378 1290 441 magnitudine
1328 386 1630 442 praestantes
1656 386 1704 427 et

41 463 252 498 conexas
278 449 491 498 trabibus
527 465 585 499 ac
612 450 818 498 turribus
845 457 1009 498 auctas
1037 450 1135 510 agit
1162 463 1250 512 per
1278 463 1459 497 amnem
1494 448 1702 513 catapul-
1723 467 1745 500 ⁵

39 520 196 582 tisque
223 525 271 566 et
298 518 484 568 balistis
513 519 762 583 proturbat
793 519 1052 580 barbaros,
1091 520 1137 566 in
1169 531 1291 582 qnos
1317 534 1432 567 saxa
1462 525 1510 566 et
1539 517 1704 567 hastae

34 589 229 650 longius
256 589 593 652 permeabant,
633 605 771 653 quam
800 596 848 637 ut
874 589 1116 638 contrario
1146 589 1426 650 sagittarum
1461 589 1584 636 iactu
1624 587 1706 636 ad-'

40 666 376 722 aequarentur.
445 658 554 708 dein
591 674 714 723 pons
751 660 1051 707 continuatus
1090 657 1343 721 collesque
1381 658 1572 706 adversi
1595 655 1705 722 ‘per

41 730 199 776 socias
225 727 482 790 cohorteS,
507 736 617 792 post
641 728 885 792 legionum
916 730 1087 777 castris
1116 735 1441 790 occupantur,
1471 735 1598 776 tanta
1627 743 1703 776 ce-

39 798 228 846 leritate
259 805 308 845 et
338 801 660 847 ostentatione
685 800 879 861 virium,
913 807 959 846 ut
983 797 1141 847 Parthi
1169 798 1347 845 omisso
1377 805 1544 861 paratu
1573 799 1700 845 inva-
1721 813 1765 847 ιο

40 866 225 916 dendae
252 868 421 916 Suriae
446 883 582 931 spem
610 883 797 916 omnem
824 870 870 916 in
898 869 1171 916 Armeniam
1198 874 1460 929 verterent,
1483 867 1561 915 ubi
1586 867 1702 916 Pae-

40 945 114 985 tus
150 937 485 985 imminentium
518 939 711 986 nescius
752 940 957 1001 quintam
992 938 1235 1000 legionem
1277 937 1445 1001 procul
1479 939 1526 985 in
1551 937 1707 985 Ponto

38 1005 262 1067 habebat,
285 1007 494 1071 reliquas
516 1009 770 1071 promiscis
789 1007 984 1056 militum
1003 1006 1346 1055 commeatibus
1365 1007 1704 1067 infirmaverat,

40 1075 194 1126 donec
215 1075 474 1126 adventare
494 1077 780 1140 Vologesen
800 1092 972 1140 magno
997 1085 1044 1125 et
1064 1077 1251 1125 infenso
1273 1077 1463 1139 agmine
1481 1077 1705 1125 auditum.

147 1147 228 1197 10.
262 1145 462 1195 Accitur
488 1146 619 1210 legio
651 1146 965 1209 duodecuma,
994 1154 1041 1195 et
1068 1147 1190 1195 unde
1216 1146 1387 1195 famam
1414 1147 1539 1195 ancti
1566 1161 1706 1195 exer-

43 1217 163 1265 citus
199 1224 508 1279 speraverat,
552 1216 740 1280 prodita
784 1217 1131 1281 infrequentia,
1178 1230 1270 1280 qua
1315 1223 1472 1264 tamen
1509 1217 1703 1264 retineri

43 1293 200 1334 castra
233 1292 281 1334 et
317 1284 443 1334 eludi
476 1285 676 1335 Parthus
712 1293 865 1335 tractu
898 1286 1013 1334 belli
1050 1293 1269 1349 poterat,
1312 1287 1350 1333 si
1377 1285 1525 1334 Paeto
1553 1286 1706 1335 autin

41 1357 140 1405 suis
176 1362 256 1403 aut
290 1357 337 1402 in
371 1355 539 1404 alienis
579 1355 793 1404 consiliis
833 1356 1098 1405 constantia
1131 1355 1325 1404 fuisset:
1361 1369 1524 1403 verum
1563 1355 1640 1403 ubi
1679 1370 1706 1402 a

44 1425 156 1473 viris
185 1424 466 1473 militaribus
495 1424 726 1473 adversus
755 1433 1013 1487 urguentes
1042 1441 1181 1474 casus
1206 1425 1415 1473 firmatus
1444 1432 1564 1487 erat,
1600 1440 1700 1473 rur·
1722 1440 1743 1472 5

41 1510 147 1555 suS,
188 1509 248 1542 ue
285 1493 470 1543 alienae
489 1525 491 1527 -
509 1498 774 1544 sententiae
803 1495 1024 1557 indigens
1052 1495 1320 1555 videretur,
1361 1495 1406 1542 in
1432 1494 1622 1543 diversa
1647 1509 1707 1543 ac

41 1564 282 1614 deteriora
309 1564 553 1614 transibat.
606 1573 652 1612 et
689 1573 798 1613 tunc
832 1565 1015 1613 relictis
1045 1564 1258 1613 hibernis
1286 1578 1380 1612 non
1417 1564 1596 1612 fossam
1623 1579 1704 1612 ne-

43 1648 135 1698 que
161 1632 336 1682 vallum
362 1633 480 1698 sibi,
517 1633 603 1683 sed
631 1649 838 1698 corpora
869 1642 917 1682 et
945 1649 1071 1682 arma
1110 1636 1157 1682 in
1189 1634 1378 1682 hostem
1409 1633 1515 1682 data
1546 1634 1704 1682 clami-

40 1710 174 1765 tanS,
203 1701 334 1752 duxit
360 1703 582 1767 legiones
609 1706 744 1768 quasi
772 1704 964 1768 prero
994 1711 1271 1753 certaturus.
1328 1703 1499 1751 deinde
1529 1704 1703 1751 amisso

0 1809 1 1813 ,
43 1773 323 1822 centurione
356 1781 403 1822 et
430 1776 597 1837 paucis
629 1773 881 1836 mili-tibus,
921 1788 1043 1837 quos
1075 1772 1290 1821 visendis
1315 1773 1521 1822 hostium
1550 1773 1761 1837 copiisw

43 1843 384 1908 praemiserat,
411 1843 628 1907 trepidus
662 1844 911 1892 remeavit.
963 1851 1010 1891 et
1038 1845 1147 1907 quia
1172 1844 1325 1891 minus
1352 1844 1528 1891 acriter
1554 1843 1703 1891 Volo-

41 1926 191 1975 geses
218 1912 477 1974 institerat,
514 1927 635 1961 vana
671 1928 835 1960 rursus
862 1911 1032 1961 fiducia
1060 1913 1147 1960 tria
1173 1912 1299 1960 milia
1329 1912 1504 1961 delecti
1534 1913 1705 1975 peditis

43 1981 265 2046 proximo
297 1980 438 2030 Tauri
465 1982 578 2044 iugo
608 1982 856 2045 imposuit,
888 1996 982 2044 quo
1013 1982 1256 2029 transitum
1292 1982 1423 2044 regis
1459 1989 1703 2036 arcerent:

43 2049 200 2099 alares
243 2064 437 2115 quoque
474 2050 776 2112 Pannonios,
816 2050 964 2098 robur
997 2051 1261 2115 equitatuS,
1303 2052 1349 2098 in
1386 2058 1522 2115 parte
1551 2052 1706 2115 campi

41 2119 186 2168 locat.
239 2122 443 2168 coniunx
472 2135 530 2169 ac
556 2120 679 2169 [ilius
706 2120 935 2181 castelle,
976 2122 1048 2169 cui
1075 2119 1387 2168 Arsamosata
1414 2135 1587 2168 nomen
1613 2128 1699 2183 est,
1723 2138 1764 2170 ιτ»

42 2187 212 2251 abditi,
238 2188 346 2238 data
373 2191 418 2237 in
445 2189 733 2253 praesidium
764 2190 966 2238 cohorte
995 2205 1053 2238 ac
1083 2189 1304 2252 disperso
1341 2189 1516 2251 milite,
1557 2190 1635 2253 qui
1660 2190 1707 2236 in

43 2272 136 2307 uno
172 2258 362 2307 habitus
399 2274 571 2321 vagum
610 2258 796 2307 hostem
833 2259 1097 2324 promptius
1133 2259 1515 2307 sustentavisset.
1555 2260 1619 2291 **
1659 2267 1707 2307 et

44 2341 194 2390 aegre
232 2328 529 2392 compulsum
566 2328 748 2391 ferunt,
786 2336 836 2376 ut
870 2330 1122 2376 instantem
1161 2327 1423 2376 Corbuloni
1458 2328 1705 2380 fateretur.

43 2411 137 2446 nec
156 2412 182 2445 a
205 2395 480 2446 Corbulone
502 2405 829 2462 properatum,
859 2413 953 2461 quo
973 2396 1287 2460 gliscentibus
1318 2398 1545 2462 periculis
1566 2399 1705 2446 etiam

45 2464 242 2516 subsidii
269 2466 379 2515 laus*
402 2475 675 2530 augeretur.
728 2467 946 2530 expediri
982 2475 1136 2515 tamen
1171 2467 1328 2515 itineri
1365 2467 1552 2528 singula
1578 2467 1702 2514 milia
1721 2482 1764 2514 20

46 2549 108 2584 ex
144 2535 294 2585 tribus
321 2536 593 2598 legionibus
629 2543 676 2584 et
702 2536 879 2585 alarios
911 2538 1245 2598 octingentos,
1273 2551 1436 2600 parem
1462 2548 1705 2583 numerum

48 2618 76 2652 e
105 2605 384 2654 cohortibus
412 2607 562 2653 iussit.

80 2677 81 2680 ’
156 2674 235 2722 11.
275 2675 340 2724 At
364 2674 654 2738 VologeseS,
685 2676 898 2737 quamvis
926 2674 1126 2722 obsessa
1156 2688 1181 2722 a
1206 2673 1355 2721 Paeto
1393 2673 1561 2722 itinera
1595 2674 1706 2722 hinc

49 2742 259 2806 peditatu
285 2744 394 2793 inde
421 2745 579 2809 equite
605 2744 908 2807 accepisset,
944 2743 1056 2791 nihil
1079 2749 1254 2790 mutato
1286 2741 1512 2803 consilio,
1546 2743 1631 2791 sed
1657 2745 1705 2791 vi

0 2847 1 2852 ,
49 2824 109 2860 ac
152 2813 288 2862 minis
318 2814 474 2863 alares
511 2814 768 2873 exterruit,
808 2813 1104 2874 legionarios
1142 2810 1361 2873 obtrivit,
1398 2825 1492 2859 uno
1528 2819 1705 2879 tantum

52 2883 327 2931 centurione
366 2883 609 2947 Tarquitio
648 2881 912 2931 Crescente
956 2883 1147 2942 turrim,
1193 2882 1240 2928 in
1285 2895 1376 2944 qua
1417 2881 1703 2944 praesidium

4 2983 6 2988 ·
49 2949 284 3015 agitabat,
320 2951 580 3001 defendere
607 2967 722 3001 auso
753 2951 978 3015 factaque
1016 2951 1206 3016 saepius
1236 2950 1487 3015 eruptione
1519 2957 1566 2999 et
1594 2965 1699 3000 cae·
1722 2971 1742 3003 τι
