1976 3224
199 214 300 264 214
633 226 908 265 CORNELII
932 225 1126 264 TACITI
1148 226 1455 264 ANNALmM

158 374 164 379 ·
198 355 532 404 Pharasmanis
571 353 696 402 filius
735 357 924 404 nomine
964 354 1295 417 RadamistuS,
1347 353 1528 402 decora
1568 355 1884 419 proceritate,

199 427 248 473 vi
281 424 506 488 corporis
532 424 735 485 insignis
777 434 824 475 et
853 426 1032 490 patrias
1057 432 1186 472 artes
1215 424 1447 485 edoctuS,
1493 423 1723 488 claraque
1761 425 1886 474 inter

203 493 400 544 accolas
434 493 574 542 fama.
637 494 677 541 is
714 496 956 544 modicum
990 493 1220 542 Hiberiae
1261 509 1464 557 regnum
1502 501 1701 543 senecta
1735 496 1885 558 patris

141 580 185 614 ιο
204 564 410 613 detineri
450 563 665 612 ferocius
705 565 1019 628 crebriusque
1067 563 1301 627 iactabat,
1343 578 1485 627 quam
1521 570 1570 612 ut
1615 563 1886 628 cupidinem

204 633 489 684 occultaret.
548 634 696 696 igitur
722 635 1071 685 Pharasmanes
1104 634 1325 682 iuvenem
1355 633 1600 697 potentiae
1634 641 1885 699 promptae

203 712 252 753 et
298 703 457 752 studio
496 703 801 768 'popularium
832 706 1127 766 accinctum,
1165 703 1482 767 vergentibus
1510 704 1602 752 iam
1627 704 1762 752 annis
1789 705 1886 752 suis

201 781 438 835 metuenS,
467 773 606 822 aliam
627 773 686 822 ad
706 790 841 839 spem
866 774 1059 823 trahere
1082 781 1130 822 et
1147 773 1422 823 Armeniam
1444 781 1705 837 ostentare,
1734 774 1886 838 pulsis

203 843 394 893 Parthis
421 843 577 892 datam
600 843 862 894 Mithridati
889 860 915 893 a
944 852 1096 892 semet
1122 844 1459 893 memorando:
1502 843 1589 892 sed
1628 846 1720 892 vim
1750 843 1884 893 diffe-

141 932 184 965 15
201 913 399 963 rendam
432 919 479 961 et
515 916 752 978 potiorem
779 914 969 977 dolum,
1010 928 1104 978 quo
1145 915 1383 963 incautum
1420 912 1764 977 opprimerent.
1823 915 1885 962 ita

199 983 504 1032 Radamistus
543 984 762 1034 simulata
789 983 1023 1034 adversus
1050 991 1235 1049 patrem
1262 982 1502 1032 discordia
1536 991 1772 1048 tamquam
1801 998 1884 1032 no·

200 1068 379 1103 vercae
413 1052 538 1101 odiis
578 1054 732 1118 impar
759 1056 922 1119 pergit
948 1054 1007 1103 ad
1043 1062 1288 1117 patruum,
1327 1053 1570 1117 multaque
1607 1052 1665 1102 ab
1703 1068 1761 1102 eo
1805 1067 1883 1102 co-

199 1125 363 1172 mitate
402 1123 450 1170 in
492 1124 710 1187 speciem
743 1124 947 1173 liberum
984 1124 1138 1173 cultus
1176 1124 1415 1188 primores
1451 1122 1790 1172 Armeniorum
1827 1122 1885 1173 ad

199 1209 282 1243 res
310 1207 464 1242 novas
494 1193 663 1255 inlicit,
696 1196 870 1257 ignaro
901 1202 948 1243 et
975 1201 1176 1243 ornante
1201 1194 1402 1258 insuper
1423 1192 1713 1243 Mithridate.

304 1263 389 1312 45.
424 1263 858 1314 Reconciliationis
906 1264 1077 1328 specie
1124 1263 1373 1329 adsumpta
1417 1278 1772 1328 regressusque
1827 1262 1887 1312 ad.

201 1341 419 1399 patrem,
452 1348 575 1398 quae
601 1333 771 1383 fraude
800 1335 972 1384 confici
1002 1337 1270 1398 potuerint,
1308 1342 1532 1398 prompta
1558 1335 1764 1396 nuntiat,
1806 1347 1885 1382 ce·

202 1412 307 1452 tera
330 1403 472 1451 armis
494 1405 823 1469 exsequenda.
854 1405 1039 1453 interim
1059 1404 1408 1454 Pharasmanes
1435 1403 1553 1452 belli
1576 1418 1746 1453 causas
1769 1417 1884 1452 con-

204 1474 367 1536 fingit:
395 1474 653 1538 proelianti
682 1474 771 1523 sibi
801 1475 1034 1524 adversus
1059 1490 1227 1538 regem
1248 1473 1545 1522 Albanorum
1574 1480 1622 1522 et
1640 1469 1885 1523 Romanos

163 1561 184 1593 5
207 1543 384 1592 auxilio
414 1546 607 1593 vocanti
635 1544 832 1594 fratrem
858 1544 1190 1607 adversatum,
1222 1558 1424 1607 eamque
1450 1545 1666 1591 iniuriam
1692 1542 1877 1592 excidit

203 1615 354 1679 ipsius
380 1613 528 1662 ultum
554 1616 749 1672 iturum;
791 1615 929 1664 simul
965 1629 1163 1678 magnas
1205 1616 1372 1678 copias
1413 1613 1511 1661 filio
1546 1612 1751 1666 tradidit.
1801 1611 1882 1660 ille

200 1684 476 1748 inruptione
503 1683 659 1733 subita
680 1688 894 1735 territum
917 1693 1206 1748 exutumque
1231 1684 1411 1748 campis
1427 1682 1733 1731 Mithridaten
1755 1696 1882 1730 com·

202 1752 323 1818 pulit
351 1753 398 1800 in
425 1753 675 1802 castellum
705 1755 948 1817 GorneaS,
990 1762 1137 1803 tutum
1164 1754 1275 1803 loco
1304 1767 1363 1801 ac
1395 1751 1642 1816 praesidio
1670 1751 1881 1813 militum,

201 1824 307 1887 quis
337 1821 530 1872 Caelius
561 1823 717 1873 Pollio
748 1824 1052 1890 praefectuS,
1092 1824 1307 1873 centurio
1337 1821 1599 1887 Casperius
1639 1829 1883 1887 praeerat.

139 1907 182 1940 10
201 1892 316 1944 nihil
356 1901 449 1941 tam
487 1895 705 1957 ignarum
732 1894 952 1956 barbaris
991 1909 1129 1958 quam
1158 1893 1538 1942 machinamenta
1564 1900 1611 1941 et
1638 1900 1768 1942 astus
1799 1906 1884 1955 op-

202 1964 572 2027 pugnationum:
613 1972 661 2012 at
696 1964 838 2014 nobis
872 1980 930 2013 ea
967 1979 1081 2029 pars
1117 1963 1313 2012 militiae
1351 1965 1555 2012 maxime
1595 1977 1747 2026 gnara
1789 1967 1882 2010 est.

200 2035 266 2081 ita
289 2032 595 2082 Radamistus
622 2034 801 2084 frustra
830 2034 907 2082 vel
937 2049 1043 2083 cum
1067 2034 1240 2083 damno
1268 2034 1510 2096 temptatis
1543 2031 1884 2081 munitionibus

202 2101 439 2152 obsidium
474 2105 665 2168 incipit;
708 2112 756 2153 et
790 2119 896 2154 cum
934 2106 1006 2152 vis
1045 2104 1418 2167 neg-legeretur,
1462 2104 1705 2151 avaritiam
1747 2116 1884 2165 prae·

200 2173 319 2221 fecti
346 2181 639 2236 emercatur,
684 2174 958 2224 obtestante
987 2173 1223 2238 Casperio
1262 2189 1321 2222 ne
1354 2173 1517 2221 socius
1551 2187 1663 2235 rex,
1702 2186 1762 2219 ne
1794 2170 1883 2219 Ar·

143 2256 184 2288 15
201 2244 357 2291 menia
393 2243 566 2292 donum
604 2244 769 2309 populi
793 2244 996 2293 Romani
1024 2244 1214 2292 scelere
1257 2251 1303 2291 et
1330 2243 1536 2307 pecunia
1564 2249 1882 2292 verterentur.

202 2319 450 2376 postremo
478 2314 588 2376 quia
615 2314 958 2363 multitudinem
991 2314 1199 2362 hostium
1225 2312 1410 2374 Pollio,
1453 2313 1583 2360 iussa
1612 2313 1762 2375 patris
1791 2310 1883 2359 Ra·

202 2381 429 2430 damistus
457 2382 807 2445 obtendebant,
845 2391 1014 2447 pactus
1048 2383 1252 2431 indutias
1279 2381 1525 2443 abscedit,
1553 2388 1618 2442 ut,
1647 2382 1734 2429 nisi
1759 2379 1878 2429 Pha·

201 2467 472 2500 rasmanem
509 2451 643 2501 bello
673 2452 1043 2514 absterruisset,
1074 2451 1356 2502 Ummidium
1384 2451 1674 2512 Quadratum
1701 2451 1881 2515 praesi-

204 2521 310 2570 dem
336 2522 505 2570 Suriae
533 2521 733 2571 doceret
762 2537 856 2586 quo
883 2523 930 2570 in
955 2530 1078 2570 statu
1107 2522 1331 2570 Armenia
1358 2522 1503 2570 foret.

308 2592 393 2641 46.
437 2591 676 2655 Digressu
717 2593 1011 2640 centurionis
1052 2591 1182 2640 velut
1221 2591 1422 2639 custode
1450 2589 1702 2639 exsolutus
1743 2603 1881 2652 prae-

203 2662 362 2710 fectus
390 2661 571 2711 hortari
595 2661 898 2711 Mithridaten
925 2661 984 2710 ad
1010 2661 1316 2710 sanciendum
1342 2659 1542 2722 foedus,
1588 2659 1880 2707 coniunctio-

202 2745 311 2778 nem
332 2730 530 2779 fratrum
554 2747 612 2780 ac
639 2734 850 2796 priorem
882 2738 1039 2780 aetate
1067 2730 1421 2779 Pharasmanen
1449 2737 1495 2777 et
1521 2735 1684 2777 cetera
1710 2741 1879 2775 neces·

206 2799 457 2847 situdinum
495 2803 681 2850 nomina
720 2802 967 2861 referenS,
1010 2800 1139 2865 quod
1178 2799 1319 2848 filiam
1357 2800 1459 2847 eius
1498 2799 1546 2845 in
1580 2797 1879 2846 matrimonio

167 2884 187 2915 5
208 2867 437 2930 haberet,
467 2871 596 2933 quod
627 2873 733 2934 ipse
761 2870 1038 2919 Radamisto
1067 2884 1213 2918 socer
1239 2876 1413 2917 esset:¹
1435 2881 1530 2915 non
1559 2866 1771 2915 abnuere
1799 2880 1880 2930 pa-

206 2953 308 2985 cem
354 2937 563 2988 Hiberos
613 2955 895 3003 quamquam
950 2940 995 2986 in
1049 2946 1268 3002 tempore
1324 2936 1611 2992 validiores:
1662 2943 1709 2984 et
1765 2935 1883 2984 satis
