1976 3224
595 143 769 180 LIBER
791 143 864 179 ιν.
893 141 1015 179 CAP.
1037 139 1237 182 43-48.
1655 127 1753 176 135

50 282 54 291 ¹
94 269 316 333 triumphi
351 268 553 331 insignia
582 267 815 332 Poppaeo
844 266 1021 315 Sabino
1061 268 1273 314 contusis
1298 266 1565 314 Thraecum
1601 265 1754 327 genti-

91 340 202 403 bue,
243 339 322 403 qui
358 338 583 386 montium
612 337 752 385 editis
787 337 890 385 sine
930 336 1057 384 cultu
1091 344 1234 401 atque
1271 350 1329 383 eo
1363 335 1578 383 ferocius
1604 335 1753 397 agita-

91 409 221 459 baut.
281 422 423 457 causa
457 414 612 455 motus
651 421 797 471 super
831 406 1069 454 hominum
1104 406 1371 468 ingenium,
1410 404 1539 469 quod
1562 405 1659 468 pati
1687 402 1752 451 di·

92 479 250 529 lectus
287 484 335 526 et
368 476 707 526 validissimum
733 490 968 539 quemque
1003 476 1198 524 militiae
1226 483 1419 523 nostrae
1447 473 1561 522 dare
1589 487 1751 538 asper·
1773 486 1794 518 5

93 547 349 610 nabantur,
400 561 461 594 ne
497 545 695 609 regibus
729 546 917 610 quidem
949 561 1122 610 parere
1153 545 1243 592 nisi
1284 560 1346 593 ex
1380 542 1576 592 libidine
1609 542 1754 605 soliti,

90 625 173 668 aut
198 618 240 666 si
259 618 501 665 mitterent
526 615 716 678 auxilia,
745 630 858 664 suos
887 615 1114 664 ductores
1144 615 1411 680 praeficere
1435 628 1527 661 nec
1555 612 1646 660 nisi
1675 610 1754 660 ad-

93 701 284 737 versum
316 685 511 734 accolas
549 684 860 747 belligerare.
925 700 982 733 ac
1018 692 1113 732 tum
1145 699 1307 732 rumor
1346 684 1612 732 incesserat
1647 681 1756 730 fore

91 764 140 806 ut
173 755 360 805 disiecti
387 754 589 818 aliisque
615 754 885 803 nationibus
913 755 1132 819 permixti
1161 753 1376 802 diversas
1408 755 1455 801 in
1481 759 1635 801 terras
1662 757 1754 799 tra-

91 827 331 884 herentur.
382 824 467 873 sed
492 831 744 887 antequam
769 839 897 873 arma
922 826 1206 889 inciperent,
1233 824 1408 872 misere
1429 823 1618 885 legatos
1643 820 1753 869 ami·
1774 828 1815 862 10

93 896 250 944 citiam
280 893 656 958 obsequiumque
682 901 1047 955 memoraturOS,
1082 901 1129 941 et
1152 908 1372 941 mansura
1391 892 1531 954 haec,
1559 892 1598 939 si
1622 890 1754 938 nullo

92 979 219 1014 novo
246 978 395 1013 onere
418 970 789 1028 temptarentur:
828 965 900 1012 sin
926 970 975 1011 ut
1002 964 1141 1011 victis
1174 963 1419 1011 servitium
1451 961 1756 1021 indiceretur,

92 1049 204 1084 esse
230 1032 323 1082 sibi
355 1033 534 1083 ferrum
561 1039 608 1082 et
642 1034 932 1082 iuventutem
969 1041 1015 1081 et
1042 1039 1312 1096 promptum
1347 1032 1558 1080 libertati
1594 1036 1672 1078 aut
1698 1028 1758 1078 ad

91 1110 294 1154 mortem
328 1104 547 1152 animum.
608 1102 983 1152 simul'castella
1023 1102 1222 1166 rupibus
1260 1101 1405 1151 indita
1440 1099 1755 1163 conlatosque

93 1174 208 1223 illuc
236 1180 460 1238 parentes
496 1179 544 1220 et
573 1174 806 1235 coniuges
834 1172 1138 1221 ostentabant
1165 1171 1438 1236 bellumque
1476 1168 1754 1233 impeditum
1773 1173 1813 1206 ¹⁵

91 1242 287 1292 arduum
312 1249 556 1291 cruentum
589 1241 937 1291 minitabantur.

196 1313 281 1360 47.
327 1311 393 1360 At
429 1310 657 1374 SabinuS,
703 1311 858 1360 donec
895 1311 1136 1360 exercitus
1172 1312 1220 1358 in
1264 1325 1404 1358 unum
1440 1308 1753 1369 conduceret,

94 1383 214 1431 datis
246 1380 436 1429 mitibus
461 1381 736 1444 responsis,
779 1388 1032 1445 postquam
1055 1380 1346 1444 Pomponius
1373 1379 1534 1428 Labeo
1573 1393 1599 1426 e
1624 1377 1784 1429 Moe-‚
1862 1398 1869 1405 ·

94 1453 162 1500 sia
185 1466 296 1500 cum
324 1450 545 1513 legione,
584 1466 672 1499 rex
698 1450 1069 1500 Rhoemetalces
1097 1466 1200 1499 cum
1227 1448 1416 1498 auxiliis
1441 1447 1756 1513 popularium,

99 1521 175 1585 qui
202 1520 342 1569 fidem
371 1534 468 1568 non
496 1527 808 1583 mutaverant,
836 1536 1034 1582 venere,
1063 1519 1218 1568 addita
1243 1520 1488 1583 praesenti
1517 1518 1659 1581 copia
1698 1516 1757 1565 ad

94 1590 282 1639 hostem
319 1590 478 1653 pergit
513 1591 827 1655 compositum
864 1592 956 1638 iam
985 1605 1073 1654 per
1108 1589 1355 1652 angustias
1391 1587 1605 1636 saltuum.
1653 1586 1753 1649 qui·
1775 1591 1795 1623 ⁵

93 1659 199 1709 dam
233 1658 479 1708 audentius
516 1661 694 1722 apertis
727 1661 774 1707 in
814 1659 1019 1708 collibus
1047 1658 1349 1720 visebantur,
1389 1671 1510 1721 quos
1538 1656 1633 1704 dux
1656 1656 1754 1704 Ro-

94 1743 257 1778 manus
283 1730 389 1778 acie
415 1743 708 1790 suggressus
743 1729 868 1778 haud
894 1744 1044 1792 aegre
1075 1728 1286 1792 pepulit,
1326 1727 1559 1789 sanguine
1585 1724 1753 1774 barba-

94 1813 252 1848 rorum
286 1797 477 1846 modico
518 1797 580 1846 ob
620 1799 890 1863 propinqua
925 1798 1144 1861 suffugia.
1194 1812 1308 1846 mox
1346 1796 1516 1845 castris
1556 1797 1602 1843 in
1640 1795 1752 1842 loco

97 1868 391 1916 communitis
407 1865 563 1915 valida
582 1882 719 1916 manu
748 1875 957 1916 montem
978 1875 1201 1931 occupat,
1230 1874 1479 1930 angustum
1501 1872 1547 1913 et
1565 1863 1754 1928 aequali

95 1937 241 1985 dorso
272 1936 538 1984 continuum
564 1950 717 1999 usque
746 1937 804 1985 ad
830 1938 1096 2000 proximum
1122 1936 1395 1998 castellum,
1425 1934 1552 1999 quod
1583 1947 1754 1996 magna
1773 1942 1813 1975 10

96 2007 168 2054 vis
195 2012 370 2055 armata
395 2011 473 2052 aut
499 2005 738 2054 incondita
766 2005 1000 2054 tuebatur.
1057 2005 1194 2054 simul
1223 2007 1271 2053 in
1295 2005 1646 2065 ferocissimos,
1675 2002 1755 2065 qui

96 2082 205 2124 ante
231 2073 407 2123 vallum
432 2089 565 2122 more
603 2076 760 2137 gentis
790 2090 894 2123 cum
923 2074 1207 2123 carminibus
1246 2082 1293 2122 et
1322 2073 1540 2137 tripudiis
1568 2070 1753 2136 persul-

95 2145 282 2207 tabant,
318 2144 456 2192 mittit
482 2143 700 2192 delectos
738 2145 1102 2207 sagittariorum.
1157 2145 1188 2191 ii
1218 2143 1324 2191 dum
1357 2143 1538 2193 eminus
1564 2154 1754 2204 grassa-

95 2214 290 2275 bantur,
328 2211 500 2262 crebra
530 2220 578 2262 et
610 2212 757 2262 inulta
782 2214 981 2262 vulnera
1016 2214 1210 2262 fecere:
1247 2214 1447 2277 propius
1474 2210 1755 2259 incedentes

96 2285 350 2348 eruptione
397 2282 550 2331 subita
596 2282 769 2332 turbati
814 2291 922 2331 sunt
965 2285 1249 2347 re2¹eptique
1295 2281 1508 2330 subsidio
1558 2281 1815 2342 Sugam-15

96 2352 212 2402 brae
239 2351 480 2414 cohortiS,
510 2367 648 2416 quam
671 2353 912 2402 Romanus
941 2360 1210 2417 promptam
1235 2351 1293 2400 ad
1320 2350 1533 2416 pericula
1561 2365 1649 2397 nec
1675 2349 1755 2395 mi-

96 2437 182 2470 nus
226 2429 440 2470 cantuum
476 2429 522 2470 et
569 2436 801 2470 armorum
846 2422 1041 2470 tumultu
1082 2430 1264 2470 trucem
1306 2420 1429 2469 haud
1468 2418 1638 2484 procul
1687 2418 1754 2464 in·

96 2498 349 2539 struxerat.

196 2560 280 2611 48.
329 2558 576 2608 Translata
620 2558 791 2609 dehinc
848 2568 1004 2609 castra
1051 2561 1239 2608 hostem
1286 2567 1516 2623 propter,
1575 2555 1755 2603 relictis

100 2628 223 2692 apud
249 2630 410 2694 priora
435 2629 718 2677 munimenta
749 2629 1071 2691 Thraecibus,
1111 2643 1232 2690 quos
1258 2628 1397 2675 nobis
1424 2626 1633 2675 adfuisse
1661 2638 1756 2671 me·

98 2699 296 2747 moravi.
348 2700 501 2762 iisque
536 2699 817 2762 permissum
847 2706 1066 2758 vastare,
1104 2712 1271 2759 urere,
1313 2696 1503 2744 trahere
1534 2692 1755 2757 praedaS,

101 2766 207 2814 dum
246 2768 496 2832 populatio
540 2768 697 2816 lucem
730 2768 850 2815 intra
888 2768 1136 2815 sisteretur
1170 2773 1456 2828 noctemque
1496 2764 1542 2810 i'n
1586 2764 1757 2811 castris

101 2842 242 2884 tutam
268 2844 316 2885 et
338 2837 531 2900 vigilem
563 2844 892 2902 capesserent.
944 2835 989 2883 id
1016 2836 1169 2900 primo
1199 2842 1459 2883 servatum:
1490 2846 1602 2879 mox
1628 2831 1757 2879 versi
1781 2845 1798 2874 5
