1976 3224
537 179 714 226 LIBER
744 180 844 217 ΧΠ.
885 178 1009 217 CAP.
1038 177 1238 220 44—48.
1630 167 1733 218 215

59 311 300 374 cognitam
337 307 671 356 Armeniorum
716 307 987 372 perfidiam,
1039 322 1131 355 nec
1176 306 1302 355 aliud
1346 305 1545 355 subsidii
1592 321 1735 371 quam

61 379 311 429 castellum
341 384 606 426 commeatu
633 392 862 440 egenum:
900 391 960 424 ne
999 376 1240 425 dubitaret
1278 377 1420 425 armis
1457 377 1734 424 incruentas

58 446 371 498 condiciones
409 447 567 496 malle.
623 454 877 496 cunctante
913 445 972 495 ad
1005 461 1062 495 ea
1098 445 1370 494 Mithridate
1408 452 1456 494 et
1492 446 1733 511 suspectis

61 518 295 583 praefecti
339 517 582 579 consiliiS,
634 515 761 580 quod
807 516 1043 581 paelicem
1079 518 1264 578 regiam
1304 515 1548 579 polluerat
1586 516 1793 580 inquem

60 587 248 637 omnem
283 586 527 635 libidinem
566 586 749 634 venalis
788 585 1079 648 habebatur,
1129 584 1393 650 Casperius
1438 586 1626 633 interim
1675 583 1735 634 ad

59 658 409 707 Pharasmanen
439 655 684 720 pervadit,
717 662 863 719 utque
887 655 1052 703 Hiberi
1091 655 1278 703 obsidio
1307 655 1544 703 decedant
1580 669 1732 719 expo-

59 727 218 776 stulat.
272 725 355 774 ille
381 726 634 790 propalam
660 726 843 773 incerta
877 732 924 773 et
945 726 1139 789 saepius
1161 725 1384 774 molliora
1407 723 1733 788 respondens,

60 797 264 846 secretis
303 795 476 844 nuntiis
526 802 689 844 monet
723 794 1044 843 Radamistum
1079 795 1490 859 obpugnationem
1541 807 1734 859 quoquo

58 865 200 914 modo
223 865 457 914 celerare.
495 872 697 927 augetur
718 863 885 927 flagitii
912 880 1120 928 merceS,
1151 872 1197 913 et
1223 864 1377 913 Pollio
1402 865 1594 913 occulta
1622 878 1730 913 cor·
1752 878 1791 910 15

58 936 278 1000 ruptione
306 934 493 998 inpellit
517 934 718 997 militeS,
755 941 804 982 ut
840 949 1011 999 pacem
1051 934 1325 997 flagitarent
1363 949 1514 998 seque
1555 934 1736 999 praesi-

60 1005 183 1053 dium
231 1006 497 1052 omissuros
543 1004 885 1052 minitarentur.
956 1019 1048 1068 qua
1094 1005 1386 1053 necessitate
1437 1003 1738 1053 Mithridates

59 1074 184 1123 diem
209 1073 468 1138 locumque
492 1072 682 1121 foederi
710 1074 903 1137 accepit
931 1073 1233 1139 castelloque
1258 1073 1520 1136 egreditur.

164 1146 248 1192 47.
294 1142 369 1190 Ac
411 1144 563 1206 primo
600 1142 901 1191 Radamistus
938 1144 985 1191 in
1021 1143 1272 1207 amplexus
1311 1144 1413 1191 eius
1452 1143 1632 1191 effusus
1675 1144 1735 1191 si-

59 1212 240 1261 mulare
274 1211 583 1277 obsequium,
621 1225 844 1261 socerum
879 1227 938 1261 ac
975 1220 1223 1276 parentem
1264 1212 1541 1277 appellare;
1591 1211 1737 1261 adicit

59 1285 132 1331 ius
169 1280 449 1344 iurandum,
480 1295 576 1330 non
602 1281 762 1344 ferm,
798 1296 895 1330 non
918 1296 1109 1330 veneno
1136 1284 1230 1330 vim
1264 1282 1542 1331 adlaturum.
1597 1282 1735 1330 simul

59 1354 107 1400 in
131 1351 290 1400 lucum
316 1352 635 1416 propinquum
660 1351 829 1415 trahit,
867 1353 1113 1416 provisum
1139 1352 1240 1400 illic
1266 1352 1492 1400 sacrificii
1520 1359 1736 1416 paratum

60 1422 309 1484 dictitans,
358 1428 408 1469 ut
442 1421 514 1476 dis
548 1420 751 1469 testibus
792 1435 889 1485 pax
927 1423 1210 1470 firmaretur.
1264 1435 1370 1470 mos
1410 1428 1484 1469 est
1515 1420 1733 1484 regibuS,
1757 1438 1775 1468 5

61 1491 283 1558 quotiens
308 1490 355 1538 in
382 1492 661 1539 societatem
688 1498 887 1553 coeant,
930 1491 1176 1555 implicare
1204 1491 1399 1540 dextras
1430 1490 1735 1555 pollicesque

60 1568 184 1610 mter
218 1575 272 1608 se
299 1561 482 1608 vincire
507 1557 1154 1625 nodoque'praestringere:
1193 1575 1306 1608 mox
1343 1559 1421 1608 ubi
1452 1560 1651 1623 sanguis
1688 1561 1738 1607 in

59 1637 188 1679 artus
213 1644 280 1678 nev
299 1637 544 1678 extremos
571 1629 838 1693 suffuderit,
864 1630 959 1679 levi
990 1632 1087 1679 ictu
1120 1645 1342 1679 cruorem
1368 1630 1566 1678 eliciunt
1592 1637 1736 1693 atque

58 1701 265 1749 invicem
301 1699 526 1748 lambunt.
592 1699 639 1747 id
674 1699 847 1748 foedus
884 1715 1107 1749 arcanum
1143 1700 1347 1749 habetur
1388 1701 1524 1764 quasi
1574 1705 1735 1747 mutuo

63 1783 236 1818 cruore
269 1775 521 1817 sacratum.
573 1768 660 1817 sed
693 1776 804 1817 tunc
843 1772 921 1834 qui
961 1785 1018 1818 ea
1054 1770 1214 1819 vincla
1250 1770 1564 1832 admovebat,
1604 1768 1732 1817 deci·
1754 1784 1793 1817 10

67 1838 192 1887 disse
219 1837 444 1885 simulans
471 1852 626 1900 genua
647 1837 932 1887 Mithridatis
958 1840 1138 1889 invadit
1163 1840 1416 1904 ipsumque
1443 1839 1735 1905 prosternit:

61 1907 296 1970 simulque
335 1921 571 1954 concursu
602 1906 805 1970 plurium
830 1909 1086 1956 iniciuntur
1113 1916 1328 1957 catenae.
1383 1923 1440 1957 ac
1478 1907 1736 1972 compede,

63 1975 190 2041 quod
221 1975 513 2024 dedecorum
543 1974 776 2038 barbaris,
805 1977 1106 2034 trahebatur;
1133 1992 1247 2025 mox
1277 1979 1387 2042 quia
1414 1978 1591 2041 vulgus
1617 1976 1736 2025 duro

66 2047 267 2110 imperio
294 2043 518 2107 habitum,
547 2044 725 2108 probra
753 2061 808 2093 ac
833 2045 1039 2095 verbera
1066 2047 1345 2095 intentabat.
1391 2054 1439 2095 et
1465 2054 1602 2095 erant
1624 2060 1735 2095 con·

63 2123 134 2164 tra
162 2118 240 2178 qui
272 2121 446 2163 tantam
486 2114 706 2162 fortunae
743 2116 1156 2164 commutationem
1184 2117 1550 2173 miserarentur;
1594 2129 1731 2164 secu·
1755 2127 1793 2159 15

63 2193 206 2248 taque
243 2198 347 2232 cum
383 2184 543 2253 parvis
578 2183 746 2232 liberis
788 2186 994 2233 coniunx
1036 2193 1205 2234 cuncta
1231 2186 1569 2235 lamentatione
1607 2199 1736 2234 com-

66 2253 244 2320 plebat.
298 2253 503 2301 diversis
542 2260 589 2301 et
628 2255 865 2302 contectis
908 2254 1141 2303 vehiculis
1177 2255 1438 2318 abduntur,
1482 2255 1590 2303 dum
1615 2254 1736 2304 Pha·

61 2324 294 2373 rasmanis
321 2323 449 2372 iussa
477 2323 859 2386 exquirerentur.
912 2324 980 2372 illi
1008 2324 1182 2389 cupido
1210 2326 1349 2387 regni
1379 2325 1527 2374 fratre
1566 2332 1614 2373 et
1642 2323 1735 2372 filia

66 2394 226 2458 potior
253 2392 530 2456 animusque
560 2392 829 2441 sceleribus
854 2400 1071 2458 paratus;
1114 2394 1235 2442 visui
1275 2401 1434 2442 tamen
1477 2394 1732 2453 consuluit,

64 2477 124 2510 ne
167 2475 329 2510 coram
381 2462 690 2510 interficeret.
749 2469 798 2511 et
831 2463 1160 2525 Radamistus,
1208 2464 1345 2527 quasi
1391 2465 1506 2511 iuris
1548 2461 1731 2510 iurandi
1752 2471 1794 2503 20

63 2546 263 2594 memor,
291 2545 386 2579 non
410 2531 602 2593 ferrum,
630 2545 725 2579 non
750 2547 986 2581 venenum
1015 2534 1060 2580 in
1088 2547 1307 2581 sororem
1333 2540 1379 2580 et
1408 2539 1624 2596 patruum
1652 2545 1734 2578 ex-

69 2602 264 2664 promit,
316 2600 400 2649 sed
441 2601 688 2664 proiectos
723 2601 770 2648 in
815 2602 1002 2650 humum
1041 2610 1088 2649 et
1128 2609 1265 2650 veste
1310 2601 1455 2650 multa
1499 2601 1736 2663 gravique

68 2678 269 2732 opertos
303 2677 461 2722 necat.
511 2669 592 2717 filii
634 2683 824 2734 quoque
861 2670 1171 2733 Mithridatis,
1215 2670 1344 2734 quod
1386 2669 1615 2718 caedibus
1654 2683 1733 2733 pa·

65 2747 247 2794 rentum
273 2739 707 2801 inlacrimaverant,
735 2739 952 2788 trucidati
982 2746 1104 2787 sunt.

172 2809 254 2859 48.
297 2809 362 2858 At
400 2808 666 2870 Quadratus
713 2822 1021 2871 cognoscens
1069 2809 1307 2872 proditum
1349 2807 1652 2857 Mithridaten
1688 2815 1736 2855 et

68 2889 267 2938 regnum
304 2878 362 2926 ab
400 2876 793 2927 interfectoribus
833 2878 1070 2942 optineri,
1111 2886 1252 2926 vocat
1283 2877 1560 2938 consilium,
1589 2877 1736 2926 docet
