1976 3224
350 241 525 278 LIBER
554 241 633 278 XI.
664 240 787 278 CAP.
816 239 1139 281 zze—LIBER
1165 242 1264 278 ΧΠ.
1293 241 1416 280 CAP.
1441 242 1482 283 1.
1654 230 1756 280 197

137 377 283 424 capta,
311 371 377 410 17.
412 369 480 410 18.
514 369 709 410 Zorsines
743 368 898 409 deserit
919 367 1222 419 Mithridatem,
1257 370 1331 421 qui
1363 371 1545 424 supplex
1571 371 1754 420 Eunoni,

140 427 325 470 19—21.
362 439 440 479 per
458 438 555 466 eum
577 438 601 465 a
615 425 806 480 principe
822 426 990 465 veniam
1011 426 1207 479 impetrat
1219 426 1479 479 Romamque
1494 427 1753 482 perducitur.

219 485 289 527 22.
323 483 587 537 Agrippinae
623 482 781 522 artibus
807 481 944 522 Lollia
977 483 1124 523 cedere
1152 484 1272 523 Italia
1300 484 1488 534 iubetur,
1528 484 1755 537 Calpurnia

137 542 405 596 pervertitur.
434 540 502 582 23.
535 539 708 580 ‘Salutis
732 540 971 592 augurium.
1010 540 1249 579 Pomerium
1282 540 1397 581 urbis
1428 542 1652 594 prolatum.
1681 542 1750 582 24.

133 600 440 646 Memorantur‚
476 598 548 648 qui
580 596 677 636 olim
709 595 970 649 protulerint..
1021 597 1091 639 25.
1127 596 1237 637 Nero
1263 597 1470 638 Domitius
1511 611 1535 638 a
1579 598 1752 639 Claudio

132 657 356 709 adoptatur
384 654 630 694 auctoritate
649 652 865 693 Pallantis.
905 652 975 694 26.
1009 654 1275 694 Britannicus
1303 655 1548 708 depressus.
1587 656 1656 696 27.
1680 655 1751 696 28.

133 712 306 764 Colonia
325 712 369 751 in
390 710 518 752 Ubios
546 710 737 750 deducta.
779 708 915 750 Chatti
936 710 1153 750 latrocinia
1172 712 1382 765 agitantes
1408 713 1643 752 vincuntur.
1679 711 1750 753 29.

132 769 203 811 30.
226 768 419 808 Vannius
447 766 680 808 Sueborum
705 779 782 806 rex
803 778 828 805 a
848 767 938 806 suis
965 767 1131 820 pulsus.

210 825 282 868 31.
312 826 360 865 In
382 824 600 864 Britannia
622 824 837 864 turbantes
862 824 1050 876 reprimit
1082 824 1272 866 Ostorius
1300 828 1459 877 Icenos,
1492 826 1560 867 32.
1590 827 1752 866 Decan-

129 895 223 937 gos,
249 881 486 935 Brigantes.
538 879 726 922 33—35.
771 878 955 920 Silurum
981 894 1127 934 regem
1149 882 1395 923 Caratacum
1421 884 1563 924 vincit.
1612 883 1680 924 36.
1710 885 1751 923 Is

128 942 304 982 Romam
335 938 587 992 perductus,
613 938 684 980 37.
713 937 899 977 mascule
918 937 1142 978 Caesarem
1171 940 1396 991 alloquitur
1423 948 1463 980 et
1485 941 1651 981 veniam
1672 941 1752 980 im-

126 1002 276 1053 petrat.
326 995 395 1036 38.
417 994 486 1037 39.
516 995 706 1036 Britanni
727 995 839 1035 vires
868 995 1091 1048 reparant.
1126 994 1315 1037 Ostorius
1342 998 1521 1037 obtentis
1550 987 1752 1051 triumphi

125 1053 365 1108 insignibus
388 1053 488 1094 obit.
535 1052 607 1094 40.
636 1053 686 1093 Ei
711 1051 861 1092 Didius
889 1052 1106 1093 suffectus.
1157 1053 1321 1093 Bellum
1341 1055 1587 1095 intestinum
1607 1054 1751 1094 Venu-

125 1113 178 1170 tii
204 1118 246 1152 et
265 1110 603 1152 Cartimanduae.
651 1109 722 1149 41.
750 1108 906 1148 Neroni
928 1109 1060 1149 virilis
1092 1116 1193 1164 toga
1223 1117 1479 1162 maturatur,
1509 1110 1748 1166 posthabito

127 1169 384 1210 Britannico.
439 1167 509 1207 42.
540 1166 700 1207 Burrus
725 1167 935 1219 praetorio
959 1166 1214 1219 praefectus.
1261 1168 1527 1222 Agrippinae
1544 1179 1750 1221 arrogan-

127 1227 200 1266 tia.
244 1224 414 1264 Vitellio
442 1223 569 1264 favet.
614 1223 685 1264 43.
707 1222 909 1275 Prodigia
927 1223 1102 1267 Romae,
1137 1225 1299 1265 Caritas
1326 1237 1534 1266 annonae.
1555 1225 1746 1266 44—47.

126 1282 293 1323 Bellum
318 1281 542 1321 Armenios
568 1281 677 1321 inter
699 1286 740 1320 et
762 1279 954 1320 Hiberos.
1000 1279 1271 1322 Radamistus
1303 1282 1603 1323 Pharasmanis
1636 1282 1748 1322 filius

127 1339 309 1379 Hiberus
329 1339 469 1392 specie
485 1337 671 1378 foederis
687 1335 972 1377 Mithridatem
989 1337 1162 1389 invadit,
1181 1340 1330 1380 vinclis
1351 1346 1510 1389 onerat,
1532 1340 1746 1379 interimit.

126 1396 199 1437 48.
243 1394 480 1444 Quadratus
511 1392 658 1447 Syriae
688 1405 863 1447 praeses
897 1394 949 1434 de
986 1394 1144 1435 ultione
1174 1395 1390 1436 deliberat.
1438 1396 1510 1436 49.
1544 1396 1747 1449 Pelignus

127 1452 418 1494 Radamistum
450 1458 606 1491 temere
635 1451 799 1504 regium
830 1451 1000 1504 insigne
1032 1463 1199 1492 sumere
1227 1452 1433 1493 hortatur.
1487 1451 1557 1492 50.
1604 1451 1748 1492 Parthi

126 1509 370 1550 Armeniam
397 1508 612 1548 invadunt.
661 1508 731 1549 51.
759 1507 1030 1548 Radamistus
1055 1521 1079 1548 a
1099 1510 1188 1550 suis
1209 1510 1394 1563 pellitur.
1438 1510 1623 1549 Zenobia
1646 1521 1747 1548 con-

126 1569 200 1608 iux
228 1567 280 1607 ab
303 1578 352 1606 eo
380 1566 601 1615 vulnerata
621 1577 752 1619 aegre
778 1571 982 1605 servatur.

217 1623 286 1664 52.
327 1623 479 1664 Furius
507 1621 807 1663 Scribonianus
834 1622 1062 1675 relegatus.
1115 1623 1188 1665 SC.
1219 1625 1273 1664 de
1303 1622 1621 1664 mathematicis.
1674 1622 1745 1664 53.

126 1680 201 1723 Sc.
229 1680 506 1722 Claudianum
539 1679 590 1719 de
624 1679 794 1719 feminis
820 1691 926 1730 quae
958 1682 1093 1721 servis
1124 1682 1494 1735 coniungerentur.
1545 1680 1746 1720 Adulatio

125 1741 168 1780 in
192 1737 437 1778 Pallantem.
492 1736 562 1777 54.
593 1737 712 1777 Felix
741 1742 780 1775 et
800 1735 1023 1776 Ventidius
1049 1738 1218 1778 turbant
1245 1739 1457 1779 Iudaeam.
1507 1737 1746 1786 Quadratus

126 1795 309 1847 quietem
333 1794 483 1835 reddit.
531 1792 602 1834 55.
630 1793 768 1834 Motus
796 1794 839 1832 in
862 1793 1005 1834 Cilicia
1027 1795 1146 1835 sedat
1179 1808 1255 1836 rex
1277 1795 1529 1835 Antiochus.
1571 1793 1640 1835 56.
1672 1793 1744 1834 57.

126 1851 263 1892 Lacus
285 1851 468 1891 Fucinus
496 1850 676 1891 emissus
706 1857 746 1889 et
775 1851 818 1889 in
850 1861 900 1890 eo
934 1852 1082 1891 navale
1111 1853 1398 1905 spectaculum
1435 1858 1475 1891 et
1507 1852 1745 1892 convivium

127 1920 218 1948 cum
243 1907 444 1961 periculo.
489 1906 561 1948 58.
587 1906 696 1946 Nero
722 1906 836 1946 ducit
857 1905 1085 1947 Octaviam.
1133 1909 1203 1950 59.
1225 1907 1413 1949 Statilius
1436 1908 1602 1948 Taurus
1625 1921 1745 1948 ever-

126 1977 213 2006 sus.
258 1963 328 2006 60.
380 1964 700 2011 Procuratorum
740 1963 782 2002 in
819 1964 1047 2016 provinciis
1083 1966 1309 2006 auctoritas
1342 1972 1476 2005 aucta.
1535 1965 1604 2006 61.
1647 1964 1744 2005 Cois

128 2033 330 2063 concessa
352 2021 607 2061 immunitas.
655 2019 724 2060 62.
748 2018 817 2060 63.
853 2019 1069 2072 Byzantiis
1096 2022 1297 2062 tributum
1322 2022 1375 2062 ad
1396 2029 1564 2074 tempus
1593 2022 1744 2061 remis-

128 2092 235 2120 sum.
284 2078 385 2118 Eius
405 2078 520 2118 urbis
541 2077 662 2117 situs.

209 2136 279 2177 64.
309 2134 507 2188 Prodigia
526 2133 782 2175 Claudianae
804 2135 933 2177 neeis.
980 2134 1050 2176 65.
1080 2135 1266 2189 Lepidae
1286 2148 1400 2176 mors
1420 2135 1591 2175 indicta.
1637 2134 1745 2175 Nar-

127 2193 227 2233 cissi
246 2193 401 2233 liberae
427 2203 562 2232 voces.
607 2189 678 2231 66.
717 2191 787 2232 67.
820 2191 1040 2232 Claudium
1061 2193 1303 2246 Agrippina
1322 2204 1484 2233 veneno
1507 2191 1630 2235 tollit.
1671 2191 1742 2232 68.

125 2249 236 2290 Nero
257 2249 487 2303 primordia
509 2247 676 2301 imperii
700 2248 823 2301 capit.
870 2248 941 2290 69.
970 2249 1114 2290 Funus
1137 2256 1176 2289 et
1196 2249 1455 2290 consecratio
1482 2247 1658 2289 Claudii.

208 2305 331 2348 Gesta
352 2306 453 2345 haec
473 2305 594 2345 annis
615 2316 705 2355 sex,
730 2304 774 2346 C.
788 2305 985 2359 Pompeio
1000 2305 1047 2355 Q.
1061 2306 1259 2356 Veranio,
1282 2306 1326 2349 C.
1346 2306 1531 2347 Antistio
1552 2305 1608 2348 M.
1632 2305 1744 2355 Suil-

129 2365 184 2405 lio
206 2362 339 2412 Rufo‚
376 2362 437 2403 Ti.
462 2361 635 2404 Claudio
659 2361 697 2401 V
732 2360 821 2403 Ser.
859 2361 1051 2404 Cornelio
1084 2361 1234 2413 Orfito,
1267 2364 1313 2403 P.
1338 2362 1529 2404 Cornelio
1555 2361 1670 2403 Sulla
1694 2362 1741 2402 L.

126 2419 265 2462 Salvio
291 2418 464 2468 Othone,
488 2418 536 2461 D.
574 2419 692 2459 Iunio
726 2417 866 2459 Silano
901 2419 950 2467 Q:
982 2419 1173 2470 Haterio,
1199 2419 1255 2463 M.
1280 2420 1429 2461 Asinio
1452 2419 1647 2459 Marcello
1672 2418 1739 2458 Μ’.

128 2477 263 2517 Acilio
286 2476 437 2516 Aviola
460 2487 569 2516 coss.

178 2535 223 2582 1.
261 2532 423 2583 Caede
448 2532 738 2580 Messalinae
767 2533 996 2581 convulsa
1012 2534 1255 2597 ‘principis
1276 2533 1460 2593 domus,
1489 2537 1597 2578 orto
1618 2528 1744 2593 apud

70 2601 271 2652 libertos
305 2602 589 2663 certamine,
631 2603 735 2665 quis
771 2601 1010 2664 deligeret
1038 2617 1240 2651 uxorem
1269 2601 1501 2662 Claudio,
1543 2597 1743 2647 caelibis

71 2674 198 2721 vitae
232 2672 505 2722 intoleranti
543 2678 591 2718 et
619 2673 873 2734 coniugum
913 2673 1126 2734 imperiis
1163 2672 1392 2719 obnoxiO.
1442 2683 1534 2717 neo
1559 2668 1742 2717 minore

74 2741 248 2791 ambitu
281 2743 488 2805 feminae
526 2748 831 2788 exarserant:
877 2755 1007 2788 suam
1051 2755 1271 2804 quaeque
1306 2738 1604 2787 nobilitatem
1643 2737 1740 2785 for-

73 2824 192 2858 mam
233 2827 352 2875 opes
388 2809 685 2859 contendere
722 2823 778 2858 ac
805 2809 947 2872 digna
976 2818 1108 2858 tanto
1148 2809 1448 2858 matrimonio
1477 2813 1740 2855 ostentare.
1765 2828 1785 2860 5

75 2879 162 2928 sed
204 2883 405 2930 maxime
442 2878 771 2942 ambigebatur
815 2881 937 2927 inter
974 2879 1182 2928 Lolliam
1223 2879 1465 2928 Paulinam
1500 2876 1563 2926 M.
1601 2875 1742 2925 Lollii

77 2949 341 2998 consularis
378 2955 425 2998 et
460 2948 625 2998 Iuliam
662 2947 978 3012 Agrippinam
1026 2949 1310 2997 Germanico
1358 2947 1591 3010 genitam:
1630 2946 1741 2993 huic
