1982 3216
151 230 278 268 XXII
623 228 1078 267 COMMENTARIUS
1116 227 1395 268 CRITICUS.

149 363 197 407 E
235 357 242 426 Ι
283 366 312 410 4
338 366 439 407 erat
469 360 513 405 R
556 353 563 425 Ι
609 366 662 407 10
699 365 890 418 qaranto
927 357 1136 422 (quando
1165 357 1236 421 R)
1283 355 1291 425 Ι
1335 367 1391 412 13
1411 362 1514 423 ipse
1546 361 1554 426 Ι
1597 370 1653 412 14
1684 378 1846 424 egens:

150 438 315 491 tegens
337 432 399 488 L,
428 435 648 489 satagens
675 429 745 486 R,
775 443 827 475 se
853 434 1018 488 tegens
1058 432 1353 487 VerlraniuS,
1385 438 1571 490 egerat:
1599 433 1664 490 P,
1693 439 1855 494 tegere

150 516 203 547 se
231 501 370 547 etiam
393 501 458 552 A,
486 500 691 546 reticens
730 499 799 555 W,
827 505 875 544 et
905 504 1072 558 tegens
1105 500 1228 551 Otto‚·
1249 500 1362 559 fort.
1391 508 1524 548 caute
1553 517 1728 562 agens,
1754 518 1856 550 cum

134 622 135 625 Ἴ
143 571 382 630 probabile
411 572 467 615 sit
491 569 664 628 aliquid
690 570 986 614 intercidisse.

293 639 387 698 70,
414 646 437 688 l
466 639 731 696 ianuariuS,
759 651 845 684 em.
871 640 945 684 Fa
977 633 984 700 Ι
1017 643 1043 688 7
1070 652 1255 698 quoquo
1283 640 1348 686 bis
1374 639 1432 686 M
1458 639 1465 704 Ι
1500 642 1769 688 acciderent
1787 643 1857 689 R.-

151 710 422 770 aceiperent
462 703 470 774 Ι
511 715 540 759 8
577 705 935 767 regrediebatur
977 702 985 771 Ι
1031 716 1085 757 10
1119 723 1253 768 quem
1290 709 1380 756 iam
1418 711 1541 757 diem
1570 712 1611 757 Α
1643 706 1652 777 Ι
1686 718 1740 760 12
1766 727 1858 759 non

149 781 450 840 prudentem,
488 792 575 824 em.
603 779 646 823 R
689 774 698 842 Ι
743 785 799 828 13
825 779 980 825 adisse
1006 785 1080 825 set
1113 779 1274 824 Wurm
1291 781 1516 826 :adisset
1543 777 1727 841 (adisse
1754 779 1821 843 v.)
1848 785 1856 838 Ι

152 854 205 898 17
238 851 409 896 adiecti

294 919 394 978 71,
444 924 499 968 14
535 919 852 979 aperirentur:
897 919 1193 978 opperiretur
1222 918 1280 964 M
1312 916 1429 981 (non
1460 919 1525 978 G,
1575 926 1625 967 ui
1666 921 1861 967 editores

150 992 427 1036 recentiores
458 1004 487 1034 a
523 989 758 1035 Waltlzero
798 991 845 1034 in
878 1002 1088 1034 errorem
1122 989 1296 1035 inducti
1329 987 1567 1052 referunt)
1607 984 1616 1055 Ι
1658 996 1715 1040 18
1749 1005 1861 1051 pro-

151 1061 422 1118 leceratque
454 1053 463 1123 Ι
497 1064 551 1109 19
583 1060 843 1104 Tremetum
868 1059 915 1104 F

294 1126 388 1187 72,
430 1134 458 1178 6
488 1134 622 1188 terga
651 1135 886 1175 taurorum
916 1129 982 1187 N,
1020 1134 1069 1173 αι
1096 1144 1136 1176 v.
1174 1129 1354 1176 Urlichs
1381 1132 1428 1175 in
1465 1144 1511 1178 n.
1535 1145 1646 1176 ann.
1665 1131 1785 1190 phil.
1822 1136 1865 1177 et

144 1215 197 1260 p.
231 1205 314 1256 69,
343 1204 424 1249 161
459 1192 466 1264 Ι
500 1199 679 1257 deiiegit
711 1193 717 1259 Ι
755 1204 806 1246 12
831 1198 1168 1258 subueniebat,
1194 1212 1277 1246 em.
1310 1199 1354 1245 R
1388 1195 1395 1265 Ι
1431 1206 1484 1250 15
1505 1215 1637 1248 manu
1662 1201 1707 1246 P

294 1266 391 1327 73,
434 1278 459 1318 5
486 1269 711 1327 castello,
745 1282 831 1314 em.
858 1269 903 1314 R
944 1263 951 1333 Ι
993 1269 1235 1327 degressis
1277 1263 1286 1335 Ι
1327 1275 1356 1320 8
1383 1270 1779 1328 Canninefatium,
1815 1276 1865 1316 ut

152 1345 218 1386 est
254 1342 300 1384 in
338 1341 498 1398 titulis,
536 1338 778 1384 Asehbaek
806 1339 991 1386 Rheinl.
1017 1339 1181 1386 Jahrb.
1212 1341 1334 1398 XX,
1379 1344 1440 1387 51
1481 1335 1489 1402 Ι
1534 1346 1586 1389 10
1610 1342 1862 1400 pelluntur,
1895 1370 1898 1374 ›

153 1422 236 1456 em.
271 1409 316 1454 R
359 1403 366 1474 Ι
415 1416 467 1459 11
500 1410 606 1455 leue
651 1402 661 1471 Ι
704 1414 759 1457 12
787 1409 958 1455 alarius
986 1410 1050 1454 F:
1088 1411 1242 1456 acrius
1286 1403 1295 1475 Ι
1338 1418 1390 1459 15
1418 1411 1660 1468 cethecio,
1686 1423 1771 1456 em.
1800 1410 1861 1459 L.

153 1481 332 1525 malim.-
370 1480 516 1538 igitur
553 1475 648 1538 (vel
671 1474 788 1539 iam)
819 1479 1027 1537 Cethego
1072 1472 1080 1543 Ι
1121 1484 1177 1526 22
1203 1481 1479 1527 Baduennae
1503 1478 1786 1538 Miillenhoff
1807 1479 1859 1525 Ζ.

151 1550 192 1608 f.
220 1551 261 1594 d.
288 1548 345 1594 Α.
374 1550 464 1607 lx,
489 1554 575 1597 240
607 1542 614 1612 Ι
649 1554 706 1598 23
734 1549 964 1595 confeltos

296 1617 391 1677 74,
428 1623 457 1666 4
484 1619 695 1665 internos
728 1614 735 1682 Ι
771 1623 827 1666 14
852 1619 979 1664 illum
1006 1619 1051 1664 in
1082 1621 1382 1678 propatibulo
1415 1613 1423 1685 Ι
1461 1625 1511 1668 15
1540 1618 1862 1678 magnitudini,

153 1687 262 1750 (ort.
295 1701 358 1735 ex
396 1688 711 1746 magnitudine
748 1688 799 1734 in
841 1689 968 1734 urbis
1012 1683 1018 1751 Ι
1065 1694 1119 1737 18
1157 1689 1203 1734 id
1243 1703 1426 1749 quoque
1458 1688 1534 1734 M.-
1578 1689 1717 1748 idque
1759 1681 1767 1752 Ι
1807 1692 1865 1736 20

154 1758 357 1805 infastae

297 1825 391 1886 75,
427 1833 453 1876 5
480 1827 630 1873 FINIT
656 1819 821 1874 LIBER
849 1829 945 1872 1111.
999 1828 1208 1874 INCIPIT
1235 1829 1399 1875 LIBER
1426 1830 1480 1873 V.

846 1965 1059 2013 LIBER
1100 1966 1157 2013 V.

302 2057 355 2130 1,
393 2078 415 2120 1
443 2070 515 2117 Ab
543 2085 742 2117 excessu
773 2072 868 2117 diui
901 2072 1100 2130 augusti.
1158 2055 1372 2118 Rubellio
1405 2065 1412 2135 Ι
1446 2078 1471 2120 5
1497 2070 1736 2131 perusinio
1768 2063 1776 2130 Ι
1812 2074 1864 2119 16

158 2141 327 2187 rostris
361 2154 613 2187 aceaesare
1063 2182 1067 2183 γ
1408 2177 1415 2187 .

300 2207 359 2267 3,
406 2215 433 2259 6
471 2216 539 2256 et:
577 2212 661 2256 sed
688 2211 751 2265 A,
789 2215 839 2256 at
873 2226 913 2257 v.
942 2211 1006 2256 ad
1030 2216 1086 2268 4,
1112 2216 1168 2260 26
1211 2204 1219 2275 Ι
1260 2215 1285 2259 7
1314 2211 1454 2257 multo
1479 2210 1550 2256 H.-
1584 2210 1797 2268 multum,
1821 2224 1862 2256 v.

159 2281 270 2338 Ayr.
303 2282 361 2325 18
386 2285 429 2324 et
456 2279 520 2338 ef.
549 2281 614 2324 ad
635 2285 716 2338 12,
744 2284 773 2328 4
803 2273 810 2344 Ι
847 2286 901 2327 10
927 2281 1227 2338 confringere

301 2346 359 2406 4,
397 2354 424 2395 2
462 2349 810 2407 meditationis,
847 2361 930 2394 em.
959 2349 1004 2394 R
1046 2344 1056 2413 Ι
1098 2355 1125 2399 6
1162 2350 1410 2395 consulens
1461 2343 1469 2415 Ι
1517 2355 1543 2400 7
1583 2348 1863 2409 germanicis

160 2419 308 2465 titium
345 2431 529 2474 mance,
569 2432 652 2465 em.
683 2419 905 2477 Ruperti,
947 2420 1108 2465 domus
1144 2432 1228 2466 nos
1256 2420 1513 2466 addidimus
1555 2414 1563 2484 Ι
1605 2425 1634 2469 8
1659 2431 1766 2465 esse
1792 2417 1866 2463 hie

160 2490 266 2534 add.
308 2489 418 2545 Wr,
442 2493 549 2547 post
572 2489 673 2534 seni
700 2489 900 2547 Ruperti
927 2483 936 2552 Ι
971 2489 1124 2547 senis,
1155 2501 1240 2534 em.
1269 2490 1471 2549 Ruperti
1509 2483 1517 2554 Ι
1558 2494 1586 2539 9
1618 2489 1864 2547 festisque,

161 2571 245 2604 em.
287 2559 327 2605 U
353 2551 361 2621 Ι
398 2565 450 2606 10
475 2559 685 2604 omnibus

846 2696 1059 2745 LIBER
1096 2697 1185 2747 VI.

304 2801 467 2859 Capita
505 2808 670 2860 1-6‚
713 2816 831 2861 quae
860 2816 981 2862 pars
1018 2807 1154 2848 antea
1184 2803 1444 2862 fraqmento
1471 2801 1576 2846 libri
1611 2801 1651 2847 V
1673 2801 1863 2846 adnexa

163 2876 296 2933 erat,
314 2871 378 2914 ad
401 2870 561 2915 librum
595 2871 666 2917 VI
679 2875 919 2931 pertinere
938 2873 1099 2918 Haase
1123 2875 1169 2918 in
1193 2872 1417 2931 Philoloyi
1432 2869 1533 2926 ΙΙΙ,
1562 2873 1655 2916 153
1679 2870 1863 2916 demon·

165 2941 340 2985 stravit.
