1976 3224
236 163 341 214 258
691 176 965 215 CORNELII
988 176 1181 215 TAcrrl
1201 178 1504 216 ANNALIUM

239 304 564 368 prensantium
609 319 795 352 manum
839 307 1219 369 gratantiumque
1267 306 1395 370 quod
1443 306 1696 354 discrimen
1741 308 1900 370 inpro—

237 375 390 423 visum
416 381 464 422 et
489 374 652 421 matris
675 374 859 422 facinus
886 376 1137 423 evasisset.
1189 376 1324 423 amici
1351 375 1523 424 dehinc
1549 375 1681 424 adire
1705 376 1905 440 templa,

238 451 286 492 et
316 451 493 507 coepto
521 443 747 507 exemplo
779 446 994 508 proxima
1024 443 1314 509 Campaniae
1339 446 1592 509 municipia
1619 446 1823 495 victimis
1852 453 1905 494 et

236 512 561 575 legationibus
590 513 818 561 laetitiam
846 515 1035 563 testari:
1073 515 1178 579 ipse
1215 514 1407 563 diversa
1444 515 1745 564 simulatione
1774 529 1899 564 mae-

180 604 219 636 10
238 589 337 630 stus
364 590 410 631 et
447 583 582 647 quasi
610 583 920 632 incolumitati
949 598 1064 632 suae
1101 584 1315 632 infensus
1342 599 1398 632 ac
1426 586 1565 633 morti
1591 586 1804 649 parentis
1833 586 1899 632 in—

236 652 508 700 lacrimans.
560 653 668 716 quia
694 660 851 701 tamen
875 668 1000 716 non,
1027 660 1076 702 ut
1106 653 1345 702 hominum
1373 654 1554 717 vultus,
1591 655 1656 721 ita
1684 654 1900 703 locorum

234 721 388 770 facies
414 729 663 785 mutantur,
702 722 1147 789 observabaturque
1173 725 1316 773 maris
1342 723 1470 772 illius
1497 731 1544 772 et
1568 724 1759 772 litorum
1789 738 1898 787 gra-

234 792 306 839 vis
345 799 572 856 aspectus
601 791 676 855 (et
714 800 849 841 erant
884 794 962 858 qui
990 793 1246 842 crederent
1272 794 1473 842 sonitum
1513 793 1655 842 tubae
1695 793 1899 842 collibus

237 863 415 909 circum
457 861 595 910 editis
634 862 949 927 planctusque
991 878 1018 912 e
1060 863 1238 912 tumulo
1271 864 1431 912 matris
1464 863 1666 928 audiri),
1703 861 1890 927 Neapo-

178 931 316 990 15lim
355 932 598 980 concessit
635 932 898 997 literasque
933 932 992 981 ad
1029 939 1241 981 senatum
1279 933 1432 995 misit,
1479 947 1674 998 quarum
1720 947 1899 980 summa

237 1008 339 1048 erat
364 1009 607 1065 repertum
640 1016 744 1049 cum
770 1002 901 1051 ferro
936 1016 1276 1067 percussorem
1303 1003 1591 1065 Agerinum,
1630 1017 1692 1050 ex
1725 1003 1899 1050 intimis

234 1070 537 1135 Agrippinae
573 1069 783 1132 libertis,
830 1079 877 1120 et
916 1071 1064 1120 luisse
1093 1085 1196 1120 eam
1225 1086 1427 1136 poenam
1458 1072 1777 1134 conscientia,
1807 1087 1898 1136 qua

235 1139 396 1189 scelus
425 1141 712 1204 paravisset.

341 1210 422 1258 11.
467 1209 722 1258 Adiciebat
761 1210 955 1258 crimina
1003 1209 1194 1273 longius
1242 1210 1475 1276 repetita,
1523 1209 1651 1275 quod
1700 1223 1894 1259 consor·

237 1281 349 1327 tium
377 1280 562 1343 imperii
587 1281 918 1344 iuraturasque
949 1281 996 1327 in
1021 1280 1226 1328 feminae
1253 1279 1402 1328 verba
1431 1281 1698 1344 praetorias
1726 1279 1895 1329 cohor-

234 1357 309 1397 tes
335 1348 556 1412 idemque
584 1349 797 1397 dedecus
832 1357 1024 1398 senatus
1056 1356 1103 1397 et
1130 1349 1294 1415 populi
1321 1350 1647 1414 speravisset,
1681 1363 1738 1398 ac
1766 1356 1894 1413 post-

233 1432 371 1482 quam
404 1417 579 1467 frustra
614 1418 773 1467 habita
816 1419 899 1481 sit,
941 1419 1128 1468 infensa
1163 1419 1294 1467 militi
1335 1418 1643 1485 patribusque
1679 1426 1727 1467 et
1766 1417 1897 1482 plebi

192 1503 211 1533 5
234 1488 545 1536 dissuasisset
586 1487 858 1537 donativum
907 1495 954 1536 et
1000 1489 1294 1552 congiarium
1331 1488 1642 1552 periculaque
1678 1488 1793 1536 viris
1828 1489 1895 1535 in-

231 1555 459 1605 lustribus
486 1558 806 1606 instruxisset.
861 1565 1035 1622 quanto
1063 1572 1149 1606 suo
1176 1557 1344 1606 labore
1369 1565 1714 1622 perpetratum,
1743 1571 1803 1605 ne
1827 1557 1895 1604 in-

230 1633 476 1691 rumperet
503 1628 707 1689 curiam,
746 1641 805 1675 ne
833 1627 1056 1690 gentibus
1082 1628 1294 1676 externis
1320 1640 1557 1691 responsa
1582 1626 1731 1676 daret.
1779 1633 1894 1674 tem-

233 1711 400 1760 porum
423 1710 615 1760 quoque
638 1696 1004 1748 Claudianorum
1036 1696 1230 1762 obliqua
1260 1696 1576 1745 insectatione
1597 1702 1767 1744 cuncta
1795 1696 1895 1743 eius

232 1765 567 1814 dominationis
593 1765 774 1829 flagitia
802 1766 849 1813 in
877 1773 1073 1814 matrem
1098 1765 1350 1829 transtulit,
1377 1764 1568 1829 publica
1595 1765 1784 1814 fortuna
1811 1779 1892 1813 ex-

173 1849 213 1881 10
232 1836 452 1884 stinctam
475 1834 712 1884 referens.
741 1849 943 1900 namque
968 1843 1016 1884 et
1039 1835 1337 1899 naufragium
1363 1834 1613 1884 narrabat:
1643 1832 1771 1899 quod
1795 1832 1892 1882 for—

232 1906 395 1953 tuitum
420 1904 599 1967 fuisse,
628 1906 731 1969 quis
760 1904 881 1954 adeo
911 1905 1064 1954 hebes
1099 1905 1392 1953 inveniretur
1434 1911 1484 1953 ut
1521 1901 1782 1952 crederet?
1817 1909 1893 1951 aut

232 1989 258 2021 a
284 1974 484 2023 muliere
510 1974 741 2039 naufraga
768 1976 961 2023 missum
987 1990 1091 2024 cum
1125 1974 1224 2023 telo
1259 1988 1423 2037 unum,
1464 1974 1543 2037 qui
1578 1972 1805 2022 cohortes
1847 1978 1895 2021 et

233 2043 418 2092 classes
445 2045 751 2108 imperatoris
779 2041 1136 2108 perfringeret?
1186 2057 1305 2107 ergo
1332 2057 1427 2092 non
1456 2043 1546 2091 iam
1570 2042 1731 2105 Nero,
1761 2042 1892 2090 cuius

230 2114 479 2162 inmanitas
519 2114 722 2162 omnium
759 2121 956 2178 questus
981 2112 1218 2175 anteibat,
1249 2112 1335 2160 sed
1369 2112 1556 2161 Seneca
1586 2111 1790 2160 adverso
1817 2125 1891 2158 ru-

176 2196 214 2228 15
232 2197 365 2232 more
396 2189 513 2245 erat,
542 2182 668 2247 quod
697 2185 913 2232 oratione
941 2183 1021 2231 tali
1051 2182 1407 2232 confessionem
1438 2181 1729 2245 scripsisset.

337 2251 414 2299 12.
453 2251 575 2301 Miro
612 2259 770 2300 tamen
801 2254 1057 2300 certamine
1087 2266 1341 2316 procerum
1366 2250 1684 2299 decernuntur
1713 2248 1890 2313 suppli·

234 2322 450 2370 cationes
476 2320 602 2384 apud
638 2322 792 2369 omnia
820 2321 1112 2385 pulvinaria,
1154 2327 1298 2385 utque
1337 2320 1682 2383 Quinquatrus,
1722 2317 1891 2382 quibus

232 2397 431 2453 apertae
455 2389 655 2438 insidiae
683 2397 872 2450 essent,
912 2390 1034 2438 ludis
1063 2391 1227 2438 annuis
1268 2387 1651 2443 celebrarentur;
1698 2402 1890 2436 aureum

231 2459 477 2508 Minervae
514 2458 815 2507 simulacrum
854 2460 900 2506 in
937 2459 1065 2507 curia
1101 2465 1148 2507 et
1183 2459 1310 2506 iuxta
1346 2458 1579 2522 principis
1613 2457 1771 2519 imago
1796 2463 1888 2503 sta-

192 2546 213 2577 5
235 2536 503 2585 tuerentur;
537 2528 639 2576 dies
666 2527 835 2576 natalis
855 2527 1156 2591 Agrippinae
1181 2529 1303 2575 inter
1328 2527 1543 2575 nefastos
1564 2533 1710 2575 esset.
1743 2523 1888 2573 Thra-

233 2612 317 2646 sea
361 2597 536 2646 Paetus
582 2597 772 2646 silentio
810 2597 889 2645 vel
926 2596 1061 2644 brevi
1101 2596 1306 2644 adsensu
1357 2597 1546 2660 priores
1590 2594 1888 2643 adulationes

231 2667 551 2715 transmittere
583 2667 750 2715 solitus
777 2666 891 2715 exiit
913 2673 1008 2714 tum
1033 2672 1226 2727 senatu,
1261 2680 1317 2713 ac
1353 2664 1442 2713 sibi
1474 2678 1662 2713 causam
1690 2662 1887 2728 periculi

231 2731 366 2798 fecit,
395 2736 571 2784 ceteris
598 2735 831 2784 libertatis
855 2735 1031 2782 initium
1057 2749 1151 2782 non
1178 2733 1411 2798 praebuit.
1455 2732 1673 2798 prodigia
1698 2745 1888 2795 quoque

235 2804 406 2853 crebra
432 2813 479 2854 et
503 2805 642 2853 inrita
672 2806 1010 2853 intercessere.
1067 2817 1269 2865 anguem
1291 2804 1430 2851 enixa
1453 2802 1637 2863 mulier,
1666 2808 1713 2848 et
1732 2800 1822 2848 alia
1841 2801 1887 2847 in

174 2892 216 2926 10
235 2873 490 2923 concubitu
523 2874 677 2922 mariti
712 2873 904 2922 fulmine
939 2873 1228 2921 exanimata:
1266 2873 1355 2919 iam
1385 2870 1457 2919 sol
1485 2877 1686 2934 repente
1716 2869 1886 2918 obscu-
