1976 3224
231 190 333 244 318
691 202 969 242 CORNELII
997 205 1192 243 TAOITI
1214 206 1522 245 ANNALIUM

229 348 341 382 mox
379 332 625 395 flagitante
662 332 812 395 vulgo
850 340 901 381 ut
940 334 1093 382 omnia
1130 333 1283 382 studia
1320 349 1403 382 sua
1443 334 1711 398 publicaret
1754 335 1904 402 (11300

229 404 351 451 0111111
379 401 530 450 verba
559 402 754 465 dixere)
783 403 1047 466 ingreditur
1080 403 1341 466 theatrum,
1387 406 1571 453 cunctis
1596 404 1807 454 citharae
1834 405 1903 454 10-

227 471 370 535 gibus
397 471 768 536 obtemperanS,
808 487 868 522 ne
891 472 1052 521 fessus
1079 473 1346 536 resideret,
1383 488 1444 521 ne
1472 474 1695 523 sudorem
1725 475 1816 523 nisi
1844 491 1902 524 ea

170 552 211 586 10
231 557 369 605 quam
396 540 577 590 indutui
605 541 810 604 gerebat
844 549 982 591 veste
1016 542 1320 607 detergeret,
1362 551 1411 592 ut
1438 543 1567 593 nulla
1594 546 1694 593 oris
1719 552 1798 593 aut
1820 560 1901 594 na-

226 613 345 659 rium
388 618 697 661 excrementa
731 613 1020 660 viserentur.
1070 621 1318 677 postremo
1355 613 1510 662 flexus
1546 630 1676 678 genu
1712 622 1759 663 et
1787 629 1899 663 coe-

226 688 323 730 tum
361 681 492 730 illum
526 697 666 730 manu
711 689 969 730 veneratus
1011 684 1273 731 sententias
1311 682 1514 732 iudicum
1555 683 1901 749 opperiebatur

225 753 340 800 ficto
366 766 568 816 pavore.
629 758 677 800 et
712 750 856 817 plebs
883 751 1073 816 quidem
1099 752 1254 816 urbis,
1281 752 1562 802 histrionum
1588 769 1784 819 quoque
1815 769 1899 818 ge-

226 829 327 871 stus
361 822 527 870 iuvare
567 821 734 884 solita,
774 821 1067 887 personabat
1105 825 1249 872 certis
1278 823 1435 872 modis
1466 823 1734 888 plausuque
1771 839 1898 873 com·

166 903 207 937 15
223 893 404 957 posito.
461 890 689 940 crederes
715 891 899 955 laetari,
928 907 985 940 ac
1004 893 1213 941 fortasse
1236 893 1536 942 laetabantur
1557 909 1646 958 per
1669 895 1900 943 incuriam

222 961 401 1027 publici
428 961 614 1023 flagitii.

329 1033 376 1081 5.
417 1031 513 1080 Sed
555 1031 634 1095 qui
668 1033 868 1080 remotis
915 1048 942 1080 e
979 1034 1248 1098 municipiis
1285 1049 1605 1098 severamque
1645 1033 1801 1082 adhuc
1850 1040 1897 1082 01

222 1103 401 1166 antiqui
430 1101 580 1149 moris
606 1101 869 1150 retinentes
897 1100 1108 1165 ltaliam,
1148 1104 1323 1168 quique
1348 1120 1438 1168 per
1463 1103 1753 1168 longinquas
1785 1116 1892 1167 pro·

221 1171 405 1220 vincias
439 1170 642 1220 lascivia
670 1171 911 1236 inexperti
938 1171 1100 1221 officio
1138 1173 1433 1236 legationum
1461 1181 1539 1223 aut
1568 1174 1755 1238 privata
1776 1171 1897 1220 utili·

220 1248 319 1290 tate
345 1240 671 1305 advenerant,
695 1255 857 1305 neque
883 1250 1132 1307 aspectum
1156 1243 1287 1291 illum
1313 1244 1526 1292 tolerare
1555 1257 1715 1307 neque
1741 1241 1897 1291 labori

182 1326 203 1359 5
222 1311 478 1360 inhonesto
516 1309 772 1373 sufficere,
815 1326 920 1360 cum
948 1312 1165 1361 manibus
1190 1315 1369 1362 nesciis
1398 1314 1706 1375 fatiscerent,
1735 1311 1889 1360 turba«

220 1388 327 1430 rent
368 1395 550 1445 gnaros
586 1395 643 1430 ac
679 1395 831 1446 saepe
859 1397 886 1431 a
911 1382 1139 1431 militibus
1167 1383 1566 1446 verberarentur,
1595 1384 1675 1447 qui
1696 1397 1789 1448 per
1818 1396 1895 1430 cu·

219 1465 341 1500 neos
373 1450 590 1513 stabant,
628 1466 689 1500 ne
723 1450 853 1515 quod
889 1453 1124 1516 temporis
1163 1461 1451 1502 momentum
1492 1452 1647 1518 inpari
1681 1451 1896 1502 clamore

220 1527 300 1570 aut
339 1520 532 1570 silentio
569 1521 709 1584 segni
750 1523 1055 1585 praeteriret.
1119 1524 1330 1572 constitit
1363 1523 1629 1588 plerosque
1665 1522 1895 1586 equitum,

221 1590 328 1640 dum
359 1606 448 1656 per
475 1591 723 1654 angustias
751 1589 905 1640 aditus
934 1598 981 1640 et
1013 1592 1316 1655 ingruentem
1340 1591 1683 1641 multitudinem
1709 1591 1894 1640 enitun-

162 1674 203 1707 ιο
220 1668 322 1724 tur,
352 1659 586 1724 obtritoS,
617 1668 668 1709 et
694 1660 841 1724 31105,
879 1661 987 1710 dum
1013 1661 1138 1711 diem
1165 1670 1455 1726 noctemque
1480 1660 1712 1710 sedilibus
1743 1660 1892 1710 conti·

219 1737 377 1794 nuant,
402 1729 574 1779 morbo
596 1730 830 1780 exitiabili
854 1738 1127 1796 correptos.
1184 1733 1364 1798 quippe
1391 1732 1590 1795 gravior
1614 1731 1770 1780 inerat
1794 1743 1892 1778 me·

217 1808 319 1863 tus,
363 1801 402 1848 si
443 1800 728 1865 spectaculo
769 1800 1060 1864 defuissent,
1101 1801 1262 1850 multis
1288 1801 1446 1867 palam
1482 1808 1530 1850 et
1565 1799 1782 1866 pluribus
1811 1813 1892 1848 oc·

219 1870 378 1932 0111115,
396 1877 446 1918 111
465 1870 655 1919 nomina
676 1885 732 1919 ac
752 1870 929 1935 voltus,
951 1870 1248 1921 alacritatem
1266 1872 1601 1937 tristitiamque
1622 1870 1893 1921 coeuntium

220 1946 567 1989 scrutarentur.
616 1940 741 1990 unde
764 1940 1062 1991 tenuioribus
1090 1943 1246 1992 statim
1270 1943 1491 2006 inrogata
1519 1940 1784 2006 supplicia,
1811 1938 1890 1989 ad·

158 2026 200 2059 15
217 2024 409 2059 versum
442 2010 670 2059 inlustres
707 2010 1047 2060 dissimulatum
1074 2011 1133 2061 ad
1172 2027 1406 2077 praesens
1436 2018 1483 2061 et
1515 2025 1630 2060 mox
1656 2009 1892 2059 redditum

218 2078 394 2129 odium.
445 2079 766 2145 ferebantque
798 2081 1178 2146 Vespasianum,
1214 2089 1453 2146 tamquam
1489 2094 1659 2131 somno
1691 2080 1888 2129 conive-

214 2157 307 2213 ret,
336 2165 362 2199 a
387 2149 588 2199 Phoebo
615 2150 791 2200 liberto
818 2152 1103 2215 increpitum
1124 2167 1372 2216 aegreque
1392 2150 1642 2200 meliorum
1663 2148 1891 2213 precibus

217 2219 475 2284 obtectum,
501 2235 615 2269 mox
639 2222 943 2270 inminentem
971 2222 1235 2285 perniciem
1259 2224 1441 2271 maiore
1468 2221 1568 2271 fato
1595 2219 1846 2283 effugisse.

321 2289 368 2339 6.
403 2289 520 2339 Post
546 2290 687 2340 finem
712 2290 881 2340 ludicri
908 2291 1139 2355 Poppaea
1175 2299 1377 2340 mortem
1404 2290 1544 2354 obiit,
1575 2290 1771 2339 fortuita
1793 2302 1888 2337 ma·

214 2359 293 2409 riti
323 2359 598 2423 iracundia,
635 2375 662 2409 a
696 2375 790 2424 quo
819 2360 1020 2423 gravida
1059 2361 1155 2410 ictu
1194 2361 1341 2411 calcis
1368 2361 1557 2410 adflicta
1585 2367 1674 2408 est.
1731 2372 1887 2422 neque

215 2430 339 2478 enim
374 2445 611 2479 venenum
649 2429 962 2494 crediderim,
1012 2432 1227 2494 quamvis
1264 2431 1454 2495 quidam
1490 2431 1758 2495 scriptores
1794 2435 1886 2476 tra·-

215 2498 354 2562 dant,
383 2499 496 2549 odio
523 2500 676 2564 'magis
704 2515 844 2565 quam
871 2516 933 2549 ex
960 2499 1080 2549 fide:
1111 2502 1293 2565 quippe
1323 2500 1585 2550 liberorum
1613 2500 1812 2563 cupiens
1840 2503 1888 2544 et

173 2581 194 2614 s
216 2570 369 2619 amori
404 2571 571 2619 uxoris
611 2569 848 2619 obnoxius
885 2577 1003 2619 erat.
1059 2584 1237 2635 corpus
1274 2586 1368 2620 non
1408 2571 1508 2634 igni
1544 2569 1796 2628 abolitum,
1835 2573 1884 2613 ut

213 2639 460 2690 Romanus
495 2655 627 2704 11105,
664 2640 762 2691 sed.
788 2655 957 2704 regum
995 2647 1304 2690 externorum
1342 2638 1686 2690 consuetudine
1725 2635 1882 2684 differ-

215 2716 313 2758 tum
358 2709 589 2760 odoribus
633 2710 850 2760 conditur
883 2709 1159 2775 tumuloque
1190 2709 1417 2760 Iuliorum
1442 2709 1656 2758 infertur.
1710 2705 1884 2754 ductae

215 2787 374 2829 tamen
400 2779 625 2844 publicae
654 2780 946 2845 exsequiae,
986 2779 1290 2845 laudavitque
1316 2781 1423 2845 ipse
1448 2777 1573 2843 apud
1600 2783 1756 2825 rostra
1782 2774 1882 2823 for·

215 2863 336 2898 mam
363 2851 465 2899 eius
493 2857 540 2899 et
567 2849 697 2915 quod
723 2849 911 2899 divinae
946 2850 1137 2899 infantis
1163 2865 1339 2914 parens
1374 2851 1544 2898 fuisset
1571 2847 1758 2910 aliaque
1784 2844 1881 2894 for-

160 2933 200 2969 ιο
217 2925 359 2969 tunae
384 2935 578 2969 munera
607 2935 695 2984 pro
723 2920 990 2969 virtutibus.
