1976 3224
268 141 371 191 292
669 147 945 186 colamur
975 146 1173 185 ‘rAc1T1
1200 147 1504 185 ANNALHJM

210 281 428 343 isti'aque
461 278 675 326 Romana
702 276 945 339 capiamus
969 275 1244 337 consilium,
1272 289 1367 339 quo
1397 274 1577 324 tutelae
1595 276 1844 324 sociorum
1867 275 1934 323 ni-

263 349 334 397 hil
363 348 644 410 derogetur,
672 345 813 393 nobis
840 345 1002 409 opinio
1030 344 1252 407 decedat,
1279 343 1435 409 qualis
1462 346 1665 409 quisque
1689 343 1936 407 habeatur,

267 418 383 467 ‘alibi
409 432 548 481 quam
573 418 618 464 in
646 416 816 464 civium
841 414 1016 463 iudicio
1043 430 1172 463 esse.

371 487 454 535 21.
495 485 617 534 Olim
640 483 835 549 quidem
859 499 956 533 non
993 484 1136 533 modo
1177 491 1374 548 praetor
1411 483 1687 533 a'ut'consul
1723 483 1811 532 se'd
1842 484 1937 548 pri·
1969 513 1971 548 3

268 558 366 606 vati
386 558 539 605 >etiam
571 554 908 617 mittebantur,
955 555 1036 618 qui
1077 555 1357 619 provincias
1389 554 1606 603 viserent
1639 561 1688 603 et
1724 551 1839 618 quid
1878 553 1971 602 de

270 628 500 690 cuiusque
528 625 765 690 obsequio
787 624 1033 672 videretur
1057 624 1312 687 referrent,
1337 619 1973 688 trepidabantque-gentes

267 697 327 745 de
353 697 685 746 aestimatione
710 695 1037 758 singulorum:
1063 702 1111 744 at
1138 709 1263 742 nunc
1284 693 1485 742 colimus
1506 700 1808 743 externos‘et
1829 692 1939 742 adu·
1956 694 1968 713 ²

225 784 247 818 ε
266 766 444 828 lamur,
474 772 531 814 'et
556 770 652 830 'q'uo
683 764 828 814 modo
857 763 916 813 ad
946 769 1105 812 nutum
1129 763 1331 827 alicuius
1357 771 1550 826 grates,
1584 764 1650 813 ita
1673 763 1940 828 promptius

257 836 513 886 ‘acc'us‘atio
543 836 834 885 decernitur.
882 833 1265 899 decernaturque
1288 841 1336 882 et
1354 841 1545 883 maneat
1565 832 1941 899 provincialibus

266 908 533 972 'potentiam
561 920 694 955 suam
722 905 806 954 tali
844 903 987 953 modo
1029 903 1325 953 ostentandi:
1367 903 1456 952 sed
1482 903 1587 953 laus
1611 903 1940 968 falsa‘et'pre·

268 976 402 1026 cibus
442 990 679 1041 expressa
715 973 917 1039 perinde
955 973 1238 1022 cohibeatur
1272 974 1637 1039 quam-malitia,
1659 972 1806 1038 'quiam
1834 987 1940 1021 cru·

267 1047 457 1096 delitas.
499 1046 638 1110 pitir‘a
661 1046 825 1108 ‘saepe
864 1050 1155 1108 peccantur,
1200 1043 1308 1092 dum
1343 1044 1645 1093 demeremur
1660 1044 1809 1108 quam
1834 1042 1939 1091 dum

210 1127 250 1161 ro
267 1115 568 1165 offendimus.
615 1112 1022 1179 'quaedam-immo
1046 1112 1249 1162 virtutes
1276 1113 1388 1163 odio
1415 1121 1548 1175 sunt,
1577 1114 1828 1162 'severitas
1853 1111 1940 1161 ob-

253 1187 465 1247 stinata,
504 1184 711 1233 invictus
743 1183 1005 1232 ‘adversum
1041 1185 1246 1247 gratia-'m
1285 1185 1484 1232 animus.
1532 1182 1644 1232 inde
1678 1183 1810 1232 initia
1844 1182 1941 1231 ma·

264 1255 552 1319 ‘gistratuu'm
571 1253 1088 1303 nostrorummeliora
1115 1253 1268 1302 ferme
1298 1261 1347 1303 et
1373 1254 1480 1302 finis
1503 1253 1726 1316 inclinat,
1761 1252 1869 1302 dum
1893 1253 1942 1300 in

263 1325 455 1373 'modum
482 1322 843 1374 candidatorum
870 1322 1100 1387 suffragia
1127 1325 1474 1388 conquirimus;
1515 1332 1638 1388 quae
1674 1324 1715 1371 si
1732 1328 1940 1372 'arcean-

263 1401 370 1457 tur,
403 1393 701 1458 aequabilius
732 1400 876 1458 atque
913 1394 1205 1441 constantius
1235 1394 1516 1458 provinciae
1538 1399 1785 1457 regentur.
1835 1405 1942 1440 nam

209 1476 247 1508 15
264 1471 313 1512 ut
346 1462 474 1513 metu
512 1462 885 1528 repetundarum
912 1463 1113 1512 infracta
1139 1463 1336 1513 avaritia
1361 1471 1460 1527 est,
1493 1465 1559 1512 ita
1594 1463 1741 1512 vetita
1764 1461 1940 1525 gratia·

260 1533 368 1583 ‘rum
394 1534 587 1583 actione
603 1530 807 1582 ambitio
835 1530 1125 1582 cohibetur.'

368 1602 453 1652 22.
484 1603 668 1667 Magno
697 1603 906 1653 adsensu
933 1602 1470 1667 celebratasententia,
1497 1617 1594 1653 non
1618 1604 1776 1654 tamen
1803 1618 1941 1653 sena·

264 1682 340 1722 tus
371 1673 641 1723 consultum
661 1674 841 1738 perfici
869 1674 1039 1739 potuit,
1069 1672 1384 1722 abnuentibus
1414 1673 1693 1723 consulibus
1717 1688 1773 1723 ea
1801 1673 1860 1722 de
1885 1688 1941 1723 re

264 1743 485 1792 relatum.
526 1758 647 1791 mox
672 1751 871 1792 auctore
899 1745 1118 1807 principe
1146 1758 1368 1806 sanxere,
1397 1759 1458 1792 ne
1479 1745 1585 1809 quis
1605 1743 1940 1794 ad'concilium

264 1813 508 1861 sociorum
529 1813 737 1861 referret
751 1812 966 1876 agendas
979 1813 1107 1878 apud
1125 1819 1339 1862 senatum
1351 1827 1442 1878 pro
1457 1813 1764 1877 praetoribus
1783 1828 1938 1879 prove

219 1898 240 1929 5
265 1882 547 1931 consulibus
574 1889 757 1944 grateS,
787 1897 882 1931 neu
908 1884 1013 1948 quis
1042 1898 1098 1932 ea
1126 1883 1375 1946 legatione
1401 1883 1700 1947 fungeretur.

362 1951 521 2001 Isdem
561 1951 841 2001 consulibus
867 1950 1176 2016 ‘gymnasium
1215 1954 1314 2002 ictu
1349 1953 1558 2002 fulminis
1599 1954 1937 2017 conflagravit,

261 2020 553 2086 effigiesque
574 2023 622 2069 in
650 2036 711 2070 eo
736 2020 946 2070 Neronis
977 2022 1037 2071 ad
1062 2023 1266 2071 informe
1293 2038 1377 2071 aes
1407 2023 1685 2088 liquefacta.
1740 2031 1789 2072 et
1808 2029 1937 2072 motu

260 2098 422 2140 terrae
460 2090 659 2140 celebre
688 2089 980 2156 Campaniae
1017 2092 1245 2156 oppidum
1270 2092 1468 2157 Pompei
1506 2102 1679 2157 magna
1710 2099 1938 2159 vex-parte

261 2163 462 2225 proruit.
515 2161 842 2226 defunctaque
878 2163 1021 2225 virgo
1057 2163 1273 2211 Vestalis
1310 2163 1500 2226 Laelia,
1537 2165 1585 2211 in
1621 2165 1755 2213 cuius
1779 2163 1937 2212 locum

203 2247 244 2280 ιο
263 2230 491 2280 Cornelia
517 2233 583 2279 'ex
614 2231 793 2280 familia
820 2230 1087 2280 Cossorum
1115 2240 1252 2296 capta
1282 2241 1372 2280 est.

365 2300 449 2349 23.
492 2301 717 2350 Memmio
746 2301 941 2364 Regulo
974 2309 1022 2349 et
1047 2303 1284 2364 Verginio
1309 2302 1437 2351 Rufo
1470 2302 1748 2351 consulibus
1781 2309 1936 2351 natam

259 2370 350 2418 sibi
392 2385 455 2418 ex
493 2370 722 2434 Poppaea
752 2370 897 2419 filiam
931 2370 1067 2420 Nero
1102 2371 1225 2419 ultra
1254 2371 1459 2421 mortale
1485 2372 1709 2435 gaudium
1746 2371 1938 2436 accepit

257 2437 620 2504 appellavitque
654 2439 951 2504 Augustam,
1009 2441 1119 2490 dato
1157 2448 1205 2489 et
1240 2441 1500 2507 Poppaeae
1542 2442 1715 2491 eodem
1752 2454 1934 2504 cogno·

255 2517 434 2558 mento.
487 2509 629 2559 locus
655 2511 920 2574 puerperio
952 2511 1145 2559 colonia
1172 2511 1366 2560 Antium
1390 2512 1502 2575 fuit,
1541 2512 1618 2560 ubi
1650 2513 1755 2577 ipse
1785 2525 1934 2574 gene·

213 2587 387 2635 bratus
432 2587 551 2628 erat.
619 2580 710 2628 iam
756 2587 951 2628 senatus
989 2587 1174 2629 uterum
1211 2581 1474 2646 Poppaeae
1516 2579 1936 2631 commendaverat

257 2649 330 2697 dis
359 2657 571 2713 votaque
598 2649 795 2712 publice
829 2658 1141 2714 susceperat,
1180 2666 1316 2714 quae,
1338 2651 1651 2715 multiplicata
1690 2650 1930 2698 exsoluta-

256 2734 365 2782 que.
419 2726 467 2767 et
512 2719 703 2767 additae
749 2720 1134 2784 supplicationes
1181 2721 1505 2785 templumque
1542 2718 1839 2769 Fecunditati
1884 2726 1932 2766 et

256 2796 500 2836 certamen
536 2789 593 2837 ad
631 2789 883 2852 exemplar
919 2791 1154 2839 Actiacae
1195 2791 1446 2852 religionis
1474 2790 1747 2851 decretum,
1785 2796 1929 2853 utque

253 2854 566 2906 Fortunarum
594 2858 788 2921 effigies
814 2874 992 2908 aureae
1027 2861 1073 2908 in
1111 2860 1237 2909 solio
1269 2859 1528 2925 Capitolini
1551 2858 1682 2907 Iovis
1707 2859 1928 2908 locaren-
