2008 3230
203 183 271 232 14
631 193 909 232 CORNELII
932 192 1127 232 TAc1'r1
1145 192 1452 233 ANNALIUM

202 322 347 370 tionis
376 322 684 386 invidiaeque
722 323 955 384 concivit,
994 330 1043 371 ut
1078 337 1191 386 pars
1224 322 1420 371 militum
1461 322 1759 385 gladiatores
1795 321 1875 386 qui

162 412 182 444 5
207 407 235 440 e
264 392 463 440 servitio
490 390 652 440 Blaesi
679 400 845 454 erant,
873 407 985 456 pars
1017 401 1229 441 ceteram
1266 392 1480 440 eiusdem
1515 392 1739 440 familiam
1774 393 1875 440 vin-

207 462 377 522 cirent,
409 461 489 509 alii
522 461 582 510 ad
614 462 940 526 quaerendum
971 476 1148 526 corpus
1178 461 1553 510 effunderentur.
1609 476 1666 510 ac
1689 461 1737 509 ni
1764 475 1876 526 pro·

205 546 328 595 pere
354 546 517 594 neque
543 546 722 596 corpus
749 532 897 581 ullum
922 533 1147 596 reperiri,
1176 540 1224 580 et
1250 546 1422 580 servos
1452 530 1674 580 adhibitis
1696 532 1878 580 crucia·

204 600 335 649 tibus
356 600 570 650 abnuere
603 602 821 664 caedem,
848 617 1008 666 neque
1035 602 1104 650 illi
1131 602 1285 650 fuisse
1310 616 1531 665 umquam
1550 601 1747 650 fratrem
1769 616 1878 665 per-

205 671 465 733 notuisse-t,
494 671 621 720 haud
647 671 845 720 multum
868 671 928 720 ab
956 672 1103 720 exitio
1130 671 1279 735 legati
1300 670 1515 720 aberant.
1567 671 1784 719 tribunos
1812 678 1879 719 ta-

147 758 189 790 io
205 755 315 789 men
340 756 398 789 ac
422 741 725 805 praefectum
757 748 1023 790 castrorum
1051 748 1323 803 extrusere,
1356 741 1575 790 sarcinae
1601 740 1882 804 fugientium

206 811 445 874 direptae,
470 818 518 859 et
546 811 763 860 centurio
787 810 996 860 Lucilius
1030 812 1341 873 interficitur,
1384 811 1460 859 cui
1494 810 1778 860 militaribus
1813 810 1882 859 fa-

208 881 346 929 cetiis
371 879 664 929 vocabulum
701 883 716 906 ²
733 881 856 930 cedo
884 882 1114 930 alteram’
1143 881 1437 943 indiderant,
1471 882 1582 945 quia
1610 881 1764 930 fracta
1783 881 1882 928 vite

204 951 254 999 in
279 958 420 1013 tergo
446 950 608 998 militis
633 950 835 999 alteram
861 951 992 1000 clara
1018 966 1144 1000 voce
1171 966 1229 1000 ac
1250 965 1416 999 rursus
1451 951 1593 1000 aliam
1626 949 1881 1015 poscebat.

208 1027 405 1069 ceteros
432 1019 652 1069 latebrae
679 1028 870 1082 texere,
897 1035 990 1069 uno
1012 1028 1201 1069 retento
1229 1018 1480 1069 Clemente
1499 1020 1638 1084 Iulio,
1666 1020 1746 1085 qui
1770 1035 1883 1085 per-

74 1094 77 1095 ’
151 1109 190 1142 15
210 1089 426 1139 ferendis
467 1090 668 1138 militum
700 1091 935 1139 mandatis
969 1090 1238 1140 habebatur
1267 1091 1470 1139 idoneus
1505 1091 1567 1139 ob
1612 1098 1881 1155 promptum

206 1161 465 1224 ingenium.
520 1161 632 1224 quin
658 1161 795 1224 ipsae
822 1161 949 1209 inter
976 1176 1031 1209 se
1057 1161 1279 1224 legiones
1308 1168 1480 1210 octava
1517 1168 1565 1209 et
1602 1161 1763 1226 quinta
1800 1160 1882 1209 de-

210 1245 347 1279 cuma
372 1230 552 1278 ferrum
580 1230 843 1294 parabant,
879 1231 988 1279 dum
1015 1232 1344 1279 centurionem
1377 1238 1698 1293 cognomento
1734 1230 1884 1294 Sirpi-

210 1310 317 1348 cum
345 1300 428 1348 illa
453 1301 594 1349 morti
621 1300 862 1364 deposcit,
893 1301 1305 1364 quintadecumani
1325 1308 1534 1364 tuentur,
1561 1301 1609 1349 ni
1633 1300 1773 1349 miles
1799 1314 1881 1348 no-

207 1385 358 1419 nanus
386 1384 564 1434 preces
591 1377 639 1418 et
665 1370 921 1418 adversum
948 1371 1250 1434 aspernantis
1276 1371 1428 1420 minas
1454 1371 1795 1419 interiecisset.

309 1439 392 1487 24.
431 1439 568 1488 Haec
593 1439 754 1488 audita
782 1455 1067 1505 quamquam
1087 1441 1358 1489 abstrusum
1379 1448 1428 1489 et
1447 1441 1716 1489 tristissima
1740 1455 1885 1504 quae-

209 1525 303 1574 que
349 1511 555 1557 maxime
608 1510 933 1559 occultantem
983 1510 1224 1559 Tiberium
1270 1511 1536 1575 perpulere
1585 1518 1635 1559 ut
1678 1510 1887 1566 Drusum

208 1580 355 1629 filium
383 1595 488 1628 cum
514 1579 803 1644 primoribus
839 1581 1042 1629 civitatis
1068 1580 1348 1644 duabusque
1379 1580 1637 1644 praetoriis
1677 1580 1886 1629 cohorti-

207 1650 299 1698 bus
327 1651 555 1712 mitteret,
583 1649 727 1698 nullis
752 1651 869 1699 satis
894 1651 1039 1699 certis
1066 1650 1325 1712 mandatiS,
1361 1665 1423 1698 ex
1458 1665 1512 1698 re
1542 1651 1886 1699 consulturum.

172 1739 191 1769 5
215 1727 264 1768 et
305 1719 535 1767 cohortes
571 1719 769 1768 delecto
809 1720 958 1768 milite
999 1735 1146 1784 supra
1181 1720 1373 1768 solitum
1414 1720 1642 1769 firmatae.
1701 1719 1888 1768 additur

209 1804 379 1852 magna
407 1803 521 1853 pars
551 1790 844 1853 praetoriani
884 1790 1058 1852 equitis
1096 1797 1144 1838 et
1184 1789 1363 1839 robora
1390 1789 1760 1851 Germanorum,
1808 1791 1888 1854 qui

209 1867 308 1907 tum
336 1858 564 1907 custodes
592 1860 875 1923 imperatori
906 1859 1128 1914 aderant;
1176 1860 1314 1908 simul
1342 1860 1573 1924 praetorii
1607 1859 1886 1924 praefectus

210 1928 380 1976 Aelius
408 1929 630 1991 SeianuS,
659 1929 854 1993 collega
876 1929 1103 1977 Straboni
1124 1931 1247 1993 patri
1270 1944 1358 1978 suo
1381 1930 1536 1993 datuS,
1567 1944 1740 1993 magna
1761 1929 1887 1992 apud

210 1998 454 2047 Tiberium
495 2000 808 2061 auctoritate,
858 2006 1023 2047 rector
1071 2000 1231 2047 iuveni
1266 2007 1315 2048 et
1352 2001 1531 2048 ceteris
1564 1999 1889 2063 periculorum

152 2085 191 2118 10
209 2070 632 2133 praemiorumque
668 2075 953 2117 ostentator.
1016 2069 1176 2117 Druso
1236 2070 1577 2133 propinquanti
1625 2069 1761 2133 quasi
1801 2084 1890 2133 per

209 2138 422 2186 officium
450 2138 626 2187 obviae
651 2139 790 2187 fuere
818 2139 1060 2201 legioneS,
1090 2153 1186 2187 non
1210 2139 1386 2203 laetae,
1414 2146 1465 2186 ut
1491 2139 1699 2200 adsolet,
1728 2153 1887 2201 neque

208 2208 476 2270 insignibus
504 2208 768 2271 fulgenteS,
799 2210 886 2258 sed
912 2209 1091 2257 inluvie
1119 2209 1325 2257 deformi
1352 2216 1401 2256 et
1426 2207 1575 2270 vultu,
1605 2223 1887 2271 quamquam

208 2279 494 2326 maestitiam
531 2279 843 2341 imitarentur,
874 2279 1204 2327 contumaciae
1231 2279 1509 2342 propiores,

315 2345 399 2394 25.
433 2347 693 2411 Postquam
721 2348 897 2396 vallum
923 2349 1126 2409 introiit,
1155 2355 1322 2411 portas
1361 2346 1644 2395 stationibus
1685 2347 1886 2410 firmant,

211 2415 387 2480 globos
429 2424 716 2465 armatorum
758 2418 906 2465 certis
945 2425 1208 2466 castrorum
1254 2416 1377 2465 locis
1426 2417 1642 2481 opperiri
1694 2417 1885 2465 iubent:

212 2487 363 2535 ceteri
390 2486 596 2535 tribunal
622 2487 803 2549 ingenti
834 2488 1024 2550 agmine
1050 2487 1455 2535 circumveniunt.
1506 2485 1662 2534 stabat
1701 2486 1887 2535 Drusus

211 2557 451 2605 silentium
476 2572 614 2605 manu
640 2571 870 2620 poscens.
923 2557 993 2605 illi
1022 2558 1244 2622 quotiens
1268 2556 1441 2605 oculos
1465 2556 1524 2604 ad
1544 2555 1887 2605 multitudinem

173 2648 192 2679 5
212 2627 527 2690 rettulerant,
570 2626 773 2675 vocibus
809 2627 1092 2675 truculentis
1124 2634 1377 2691 strepere,
1419 2639 1605 2675 rursum
1630 2626 1735 2674 viso
1765 2624 1886 2675 Cae·

212 2712 321 2744 sare
354 2697 623 2760 trepidare;
667 2711 874 2745 murmur
900 2697 1159 2759 incertum,
1198 2705 1338 2745 atrox
1377 2696 1559 2744 clamor
1600 2703 1647 2743 et
1682 2703 1886 2760 repente

212 2766 374 2828 quies;
418 2767 625 2815 diversis
664 2768 924 2815 animorum
980 2767 1188 2815 motibus
1235 2764 1475 2830 pavebant
1521 2766 1882 2829 terrebantque.

210 2834 402 2882 tandem
429 2832 698 2901 interrupto
723 2837 923 2886 tumultu
951 2837 1116 2886 literas
1147 2838 1295 2901 patris
1322 2836 1527 2899 recitat,
1565 2837 1610 2882 in
1640 2836 1746 2899 quis
1773 2850 1883 2900 per-

211 2905 440 2968 scriptum
473 2914 601 2969 erat,
642 2907 951 2970 praecipuam
990 2908 1084 2971 ipsi
1123 2906 1487 2955 fortissimarum
1525 2904 1769 2969 legionum
1806 2920 1888 2954 cu-
