1976 3224
571 192 747 230 LIBER
772 193 867 231 xv.
908 192 1031 231 cAP.
1070 191 1272 240 31—37.
1664 184 1766 236 297

204 321 286 373 35.
326 321 442 370 Eius
478 334 645 368 munus
675 320 995 383 frequentanti
1019 319 1199 372 Neroni
1234 337 1294 370 ne
1333 323 1465 376 interf
1491 321 1767 385 voluptates

48 424 51 431 ι
105 389 295 455 quidem
331 406 357 442 a
395 389 665 439 sceleribus
700 389 996 438 cessabatur.
1057 390 1207 440 isdem
1244 392 1428 456 quippe
1462 391 1558 440 illis
1599 392 1767 440 diebus

105 460 373 525 Torquatus
399 459 590 510 Silanus
623 459 746 506 mori
774 458 1007 521 adigitur,
1050 461 1160 524 quia
1195 476 1343 525 super
1366 461 1528 510 Iuniae
1558 461 1766 509 familiae

104 529 439 582 claritudinem,
467 527 624 580 divum
654 527 922 591 Augustum
957 528 1159 577 abavum
1200 530 1405 580 ferebat.
1475 531 1591 579 iussi
1627 545 1765 580 accu-

104 605 292 650 satores
327 598 525 652 obicere
565 597 817 662 prodigum
852 597 1211 662 largitionibus,
1256 614 1415 664 neque
1455 599 1594 651 aliam
1632 614 1767 664 spem
1790 617 1810 648 5

104 683 242 733 quam
277 668 324 717 in
363 667 511 718 rebus
544 668 683 715 novis
720 682 846 718 esse.
906 669 1018 731 quin
1043 683 1148 716 eum
1172 670 1220 718 in
1244 669 1371 719 villis
1397 668 1603 732 habere,
1646 683 1769 734 quos

103 738 161 787 ab
186 738 480 803 epistuliset
503 736 682 785 libellis
704 744 752 787 et
777 737 1044 788 rationibus
1076 738 1313 803 appellet,
1342 740 1531 788 nomina
1558 753 1770 787 summae

104 823 248 857 curae
283 815 339 856 et.
354 806 705 862 meditamenta.
755 813 850 856 tum
875 807 1061 855 intimus
1083 810 1285 872 quisque
1320 808 1604 857 libertorum
1623 808 1770 856 vincti

103 876 406 942 abreptique.
461 883 510 926 et
530 891 635 924 cum
656 875 890 928 damnatio
915 877 1129 940 instaret,
1156 878 1458 928 brachiorum
1480 893 1630 926 venas
1651 877 1768 927 Tor-

104 954 272 1013 quatus
303 944 582 1002 interscidit.
641 951 902 1008 secutaque
926 944 1135 996 Neronis
1163 948 1316 996 oratio
1345 963 1407 998 ex
1424 961 1578 1011 more,
1607 962 1826 1011 quam-10

102 1018 180 1066 vis
194 1023 393 1071 sontem.
404 1023 451 1065 et
473 1015 743 1065 defensioni
762 1016 933 1063 merito
949 1014 1154 1065 diffisum
1173 1017 1405 1065 victurum
1424 1025 1582 1066 tamen
1596 1017 1766 1078 fuisse,

105 1088 144 1134 si
173 1086 480 1142 clementiam
496 1084 665 1133 iudicis
691 1091 1044 1148 exspectasset.

210 1156 294 1206 36.
330 1155 437 1205 Nec
461 1154 609 1203 multo
637 1160 777 1218 post,
810 1155 985 1215 omissa
1009 1156 1057 1203 in
1085 1170 1325 1219 praesens.
1345 1155 1529 1205 Achaia
1564 1157 1767 1221 (causae

104 1228 151 1275 in
175 1226 362 1275 incerto
387 1223 552 1288 fuere)
580 1223 747 1272 urbem
775 1224 970 1285 revisit,
1002 1226 1278 1288 provincias
1304 1225 1526 1287 orientiS,
1564 1225 1768 1273 maxime

104 1295 409 1359 Aegyptum,
449 1294 654 1343 secretis
690 1293 1105 1355 imaginationibus
1142 1296 1341 1357 agitans.
1404 1294 1577 1343 dehinc
1609 1294 1767 1343 edicto

103 1365 392 1419 testificatus
412 1378 509 1414 non
532 1362 727 1426 longam
759 1364 828 1410 sui
858 1361 1117 1412 absentiam
1146 1372 1195 1412 et
1226 1371 1396 1413 cuncta
1423 1366 1470 1412 in
1494 1379 1548 1412 re
1575 1363 1768 1429 publica

104 1433 309 1499 perinde
330 1435 521 1487 immota
551 1447 609 1480 ac
635 1446 872 1496 prospera
899 1432 1029 1496 fore,
1068 1448 1214 1497 super
1239 1449 1295 1482 ea
1323 1433 1629 1497 profectione
1655 1431 1769 1480 adiit
1788 1447 1806 1479 ⁵

106 1503 411 1567 Capitolium,
455 1501 555 1550 illic
590 1509 845 1550 veneratus
881 1501 1030 1564 deOS,
1069 1518 1172 1551 curn
1201 1505 1383 1552 Vestae
1421 1517 1612 1566 quoque
1652 1509 1766 1551 tem—

105 1573 233 1638 plum
262 1573 447 1635 inisset,
474 1578 677 1635 repente
707 1578 908 1619 cunctos
934 1587 1021 1635 per
1045 1580 1173 1620 artus
1198 1581 1436 1634 tremenS,
1465 1587 1551 1620 seu
1579 1571 1767 1619 numine

105 1649 408 1702 exterrente,
438 1655 525 1689 seu
550 1640 814 1688 facinorum
842 1640 1193 1690 recordatione·
1215 1656 1464 1706 numquam
1489 1641 1661 1689 timore
1689 1655 1767 1688 va-

106 1727 248 1773 cuuS,
292 1710 503 1762 deseruit
533 1711 802 1774 inceptum,
842 1718 1037 1759 cunctas
1079 1710 1168 1759 sibi
1205 1726 1344 1760 curas
1382 1724 1546 1760 amore
1584 1710 1768 1773 patriae

105 1782 317 1830 leviores
343 1779 578 1831 dictitans,
631 1778 811 1827 vidisse
836 1787 1046 1829 maestos
1074 1781 1243 1830 civium
1270 1780 1456 1842 vultus,
1491 1779 1656 1828 audire
1693 1794 1766 1827 se·
1785 1789 1837 1821 ’θ’

107 1857 264 1899 cretas
286 1849 625 1913 querimonias,
654 1848 782 1912 quod
805 1856 981 1898 tantum
1001 1849 1200 1900 itineris
1218 1849 1595 1911 aditurusesset,
1636 1849 1770 1897 cuius

102 1935 164 1969 ne
188 1918 411 1968 modicos
439 1917 627 1982 quid-em
656 1932 887 1980 egressus
913 1918 1206 1981 tolerarent,
1244 1920 1363 1967 sueti
1390 1919 1644 1970 adversum
1670 1918 1768 1966 for-

104 1989 220 2038 tuita
249 1995 453 2054 aspectu
476 1987 706 2051 principis
731 1986 963 2036 refoveri.
1023 2002 1148 2050 ergo
1171 1994 1220 2036 ut
1252 1989 1302 2035 in·
1324 1989 1524 2052 privatis
1556 1988 1768 2036 necessi·

105 2058 343 2107 tudinibus
373 2058 589 2121 proxima
617 2056 823 2120 pignora
850 2056 1212 2120 praevalerent,
1247 2058 1309 2105 ita
1347 2057 1574 2121 populum
1598 2057 1768 2106 Roma-

103 2142 210 2176 num
246 2129 339 2176 vim
368 2126 614 2190 plurimam
650 2124 830 2174 hahere
868 2125 1225 2189 parendumque
1262 2127 1503 2174 retinenti.
1554 2126 1676 2174 haec
1703 2132 1838 2174 at-15-

106 2212 198 2261 que
229 2197 343 2246 talia
369 2194 500 2260 plebi
526 2194 738 2243 volentia
763 2194 928 2257 fuere,
966 2195 1260 2259 voluptatum
1287 2195 1509 2259 cupidine
1538 2201 1609 2256 et,
1646 2209 1770 2258 quae

105 2267 369 2331 praecipua
408 2279 521 2313 cura
555 2271 651 2326 est,
695 2263 766 2315 rei
799 2262 1135 2314 frumentariae
1177 2266 1448 2326 angustias,
1490 2265 1529 2312 si
1556 2264 1768 2325 abesset,

103 2335 344 2386 metuenti.
400 2340 594 2383 senatus
633 2339 685 2380 et
722 2333 960 2396 primores
996 2334 1042 2381 in
1079 2335 1264 2383 incerto
1303 2341 1462 2395 erant,
1504 2333 1674 2398 procul
1711 2348 1770 2381 an

107 2419 278 2454 coram.
299 2404 513 2455 atrocior
538 2401 823 2455 haberetur:
853 2401 1053 2464 dehinc,
1087 2418 1210 2467 quae
1233 2410 1397 2453 natura
1421 2404 1608 2466 magnis
1635 2403 1767 2450 timo-

103 2474 254 2535 ribus»,
281 2472 491 2525 deterius
518 2470 778 2520 credebant
807 2470 934 2535 quod
961 2479 1205 2520 evenerat.
1784 2483 1838 2515 20·

210 2543 295 2594 37.
328 2541 441 2606 Ipsa
472 2554 566 2605 quo
598 2539 740 2590 fidem
763 2542 1037 2604 adquireret
1073 2540 1186 2589 nihil
1224 2555 1418 2604 usqu-am
1447 2538 1646 2603 perinde
1672 2537 1767 2586 lae—

104 2621 200 2660 tum
234 2611 350 2674 sibi,
390 2609 608 2675 publicis·
633 2609 773 2663 locis,
792 2617 979 2658 struere
1010 2610 1229 2658 convivia
1259 2615 1457 2672 totaque
1487 2607 1605 2656 urbe
1634 2607 1769 2670 quasi

106 2681 245 2733 domo
272 2683 356 2730 uti.
411 2687 458 2728 et
485 2677 833 2730 celeberrimae
869 2679 981 2727 luxu
1009 2678 1231 2742 famaque
1260 2677 1433 2741 epulae
1459 2677 1623 2737 fuere,
1651 2690 1770 2739 quas

106 2765 133 2799 a
160 2750 399 2813 Tigellino
426 2754 691 2813 paratasut
718 2746 989 2811 exemplum
1017 2747 1251 2808 referam,
1290 2761 1350 2795 ne
1379 2747 1573 2810 saepius
1602 2745 1768 2794 eadem

107 2818 410 2883 prodigentia
443 2815 785 2867 narrandasit.
851 2817 992 2878 igitur
1028 2817 1090 2864 inv
1116 2823 1288 2878 stagno
1330 2815 1583 2878 Agrippae
1620 2814 1761 2862 fabri·
1787 2828 1808 2859 s

109 2895 243 2937 catus
266 2895 340 2936 est
365 2894 538 2950 ratem,
575 2885 651 2935 cui
684 2887 1036 2951 superpositum
1066 2884 1334 2936 convivium
1358 2885 1545 2932 navium
1572 2883 1765 2932 aliarum
