1976 3224
223 164 295 218 40
646 178 922 224 CORNELII
949 178 1144 217 TACITI
1171 158 1477 216 ANNALIUM

166 323 211 358 ιο
229 307 465 371 profiteri,
496 308 536 355 si
569 310 759 372 gratiae
788 315 867 357 aut
891 307 1074 356 meritis
1099 307 1426 357 confiderent:
1457 308 1683 373 speciosa
1720 308 1899 373 verbm,

225 391 281 425 re
303 376 462 426 inania
500 385 579 427 aut
616 377 847 441 subdola,
884 384 1158 442 quantoque
1205 380 1389 427 maiore
1423 378 1658 427 libertatis
1692 380 1899 443 imagine

137 477 140 482 -
224 446 536 510 tegebantur,
566 455 698 498 tanto
731 455 956 513 eruptura
983 446 1040 496 ad
1067 444 1301 496 infensius
1330 450 1593 497 servitium.
1761 447 1769 451 ’

554 937 633 1003 C.
672 936 1180 1004 CORNELII
1217 939 1574 1005 TACITI

649 1068 727 1121 AB
772 1065 1025 1121 EXGESSU
1068 1070 1190 1122 D1v1
1235 1068 1484 1123 AUGUSTI

462 1202 1654 1285 ANNALIUM

857 1342 1263 1409 LIBERH.

215 1584 579 1629 BREVIARIUM.
645 1586 746 1640 Cap.
777 1585 815 1626 1.
857 1586 982 1626 Initia
1009 1586 1108 1627 belli
1133 1585 1329 1627 Parthici.
1370 1584 1586 1634 Phraates,
1607 1583 1799 1623 Vononis
1819 1595 1895 1637 pa-

272 1650 353 1687 ter.
396 1645 437 1684 2.
465 1643 667 1684 Vonones
694 1643 970 1697 popularibus
998 1644 1176 1685 invisus.
1227 1643 1268 1685 3.
1299 1644 1363 1683 Ab
1392 1642 1605 1682 Artabano
1630 1641 1803 1694 pulsus,
1841 1640 1895 1680 ad

271 1701 500 1742 Armenios
526 1700 752 1754 profugus.
808 1702 849 1741 4.
888 1702 936 1741 In
964 1701 1164 1742 Armenia
1188 1701 1361 1741 mutatio
1387 1711 1552 1752 regum.
1607 1699 1650 1739 5.
1680 1696 1895 1738 Germani-

273 1771 348 1800 cus
376 1758 539 1799 invidia
574 1757 731 1797 Tiberii
762 1764 984 1799 revocatus
1021 1758 1251 1799 Germanos
1289 1758 1511 1798 confestim
1545 1755 1725 1810 aggredi
1755 1761 1891 1808 parat.

273 1815 316 1859 6.
346 1815 504 1857 Classis
535 1815 638 1856 eius.
692 1813 882 1855 Rhenus.
931 1816 974 1858 7.
1003 1817 1181 1869 Irruptio
1204 1817 1247 1856 in
1276 1815 1461 1856 Chattos.
1506 1814 1593 1853 Ara
1617 1811 1743 1854 Drusi
1770 1811 1893 1852 resti—

271 1879 377 1915 tuta.
432 1871 474 1913 8.
513 1873 647 1913 Fossa
679 1872 905 1913 Drusiana.
962 1873 1140 1914 Amisia.
1197 1875 1245 1914 Iu
1279 1872 1457 1912 rebelles
1487 1869 1767 1925 Angrivarios
1803 1869 1893 1908 ani-

270 1931 557 1973 madversum.
607 1930 649 1972 9.
675 1929 857 1969 Arminii
889 1943 984 1971 cum
1021 1930 1151 1971 fratre
1182 1930 1452 1982 colloquium.
1514 1928 1582 1970 10.
1619 1926 1723 1968 Inde
1756 1926 1820 1966 ira
1853 1930 1893 1965 et

269 1989 473 2043 iurgium.
526 1988 593 2028 11.
626 1987 846 2041 Visurgim
873 1995 1094 2029 transeunt
1119 1988 1314 2028 Romani.
1357 1987 1610 2028 Batavorum
1648 1983 1892 2025 discrimen.

270 2045 552 2088 Chariovalda
597 2055 762 2086 caesus.
827 2044 895 2085 12.
941 2044 1211 2087 Germanicus
1253 2045 1432 2085 militum
1474 2045 1638 2084 animos
1683 2040 1890 2094 explorat.

271 2103 342 2146 13.
371 2103 626 2157 Transfugis
652 2102 887 2156 praemium
921 2104 1238 2157 pronuntiatum
1267 2115 1292 2142 a
1330 2101 1572 2149 Germanis,
1612 2110 1711 2138 mox
1743 2096 1891 2136 castris

268 2161 474 2203 Romanis
502 2160 773 2201 adsultatum.
829 2160 898 2201 14.
926 2159 1162 2201 Germanici
1188 2160 1410 2200 somnium.
1463 2158 1530 2199 15.
1558 2157 1660 2196 Eius
1687 2161 1727 2194 et
1750 2153 1891 2193 Armi-

269 2218 332 2258 nii
355 2218 567 2259 orationes
589 2217 644 2257 ad
670 2228 786 2257 suos.
826 2216 895 2260 16.
922 2217 1060 2258 Locus
1081 2229 1266 2271 pugnae,
1288 2228 1461 2269 campus
1482 2212 1718 2255 Idisiaviso.
1767 2210 1891 2250 Acie·

268 2287 365 2315 rum
399 2276 634 2315 instructio.
690 2274 758 2314 17.
796 2275 997 2316 Faustum
1038 2275 1276 2328 augurium.
1351 2274 1470 2326 Fuga
1510 2270 1811 2311 Germanorum
1850 2272 1891 2307 et

269 2332 428 2373 clades.
482 2331 550 2372 18.
580 2331 817 2385 Tropaeum
847 2332 1047 2385 positum.
1105 2331 1172 2373 19.
1205 2331 1296 2379 Quo
1332 2330 1539 2370 dedecore
1573 2337 1749 2366 accensa
1781 2336 1889 2378 gens

267 2389 426 2430 bellum
453 2388 643 2428 resumit.
701 2386 770 2428 20.
800 2388 964 2428 Acriter
986 2394 1237 2442 pugnatum.
1285 2388 1356 2430 2l.
1385 2386 1570 2426 Vincunt
1597 2384 1767 2424 tandem
1803 2381 1889 2422 Ro-

267 2446 396 2496 mani,
424 2456 678 2498 quamquam
704 2445 903 2499 ambiguo
931 2445 1119 2498 equitum
1147 2444 1325 2499 proelio.
1390 2444 1460 2484 22.
1498 2441 1815 2482 Monumentum
1848 2443 1889 2478 et

266 2503 415 2546 titulus
438 2515 580 2543 rerum
603 2502 871 2555 magnificus.
914 2502 986 2545 23.
1011 2502 1163 2543 Milites
1185 2500 1320 2543 classe
1341 2501 1509 2541 revecti.
1554 2499 1626 2541 24.
1647 2497 1713 2537 Ex
1726 2502 1888 2549 tempe-

269 2567 378 2602 state
401 2559 617 2600 calamitas
645 2565 684 2598 et
704 2571 838 2612 paene
861 2559 1050 2599 exitium.
1097 2559 1322 2599 Recollecti
1346 2557 1558 2611 naufragi.
1599 2554 1669 2596 25.
1692 2553 1779 2593 Hac
1798 2551 1888 2592 for-

267 2626 372 2659 tuna
387 2622 548 2658 erectos
564 2617 702 2657 denuo
720 2615 951 2657 Germanos
963 2616 1212 2671 aggreditur
1223 2614 1494 2656 Germanicus
1510 2613 1742 2664 caeditque,
1760 2607 1886 2652 simul

269 2675 454 2728 aquilam
469 2674 698 2714 Varianam
714 2673 875 2727 recipit.
906 2673 978 2718 26.
996 2674 1103 2714 Tum
1118 2673 1244 2714 rebus
1260 2673 1427 2713 infectis
1444 2677 1641 2712 avocatur
1657 2681 1684 2711 a
1702 2668 1884 2709 Tiberio.

270 2734 342 2773 27.
366 2732 469 2773 Libo
488 2730 652 2772 Drusus
670 2732 722 2771 ab
740 2731 872 2772 amico
890 2731 1070 2772 delatus.
1114 2731 1183 2772 28.
1206 2731 1441 2771 Accusatus
1458 2729 1500 2768 iu
1520 2733 1681 2768 senatu.
1723 2725 1796 2768 29.
1812 2722 1883 2766 30.

270 2789 374 2830 Cum
385 2795 587 2842 patronos
604 2800 688 2828 non
704 2788 907 2842 reperiret
926 2796 1101 2829 nectam
1117 2787 1287 2828 sceleris
1301 2798 1426 2839 quam
1437 2782 1683 2825 vaecordiae
1693 2782 1882 2824 convinci

268 2851 431 2899 posset,
451 2856 560 2884 novo
579 2846 669 2884 iure
686 2857 833 2886 servos
853 2847 1039 2898 torqueri
1055 2847 1098 2886 in
1115 2857 1236 2885 suum
1255 2850 1378 2897 caput
1393 2842 1511 2883 vidit.
1546 2839 1716 2885 31.1am
1727 2839 1885 2880 frustra

267 2908 386 2943 orato
397 2902 586 2955 principe
602 2901 706 2941 Libo
722 2913 769 2941 se
784 2902 876 2955 ipse
894 2901 1085 2944 confecit.
1105 2901 1177 2944 32.
1194 2903 1243 2942 In
1253 2900 1498 2942 defunctum
1513 2900 1743 2942 sententiae
1759 2907 1884 2938 sena-
