1962 3190
119 206 180 245 1v
793 207 1139 245 PRAEFATIO.

117 338 427 385 admittendae
461 339 766 396 videbantur,
811 339 1164 397 congessimus,
1203 352 1294 384 non
1333 352 1422 397 quo
1451 353 1608 386 omnes
1639 341 1829 399 cognitu

118 422 283 479 dignas
324 426 615 480 putaremus,
646 421 731 466 sed
763 425 813 464 ut
853 420 930 478 qui
968 420 1174 465 editione
1211 425 1370 466 nostra
1406 426 1589 466 utentur
1625 422 1672 466 in
1711 423 1829 467 locis

120 502 351 560 corruptis
380 506 458 547 aut
481 501 714 560 suspectis
739 501 953 547 viderent
995 501 1104 559 quid
1142 514 1325 560 quoquc
1354 502 1460 546 loco
1498 502 1587 547 iam
1622 503 1677 548 ab
1723 502 1828 562 aliis

120 582 294 628 criticis
320 588 541 628 tentatum
568 588 708 628 esset.
759 582 855 627 Nec
892 582 1132 641 quisquam
1165 588 1335 629 tantam
1369 583 1546 641 ingenii
1583 583 1728 629 aciem
1754 588 1831 628 aut

119 664 280 710 iudicii
313 665 615 710 subtilitatem
655 665 746 710 sibi
779 664 1053 722 adrogabit‚
1089 669 1163 722 ut,
1201 678 1301 709 cum
1338 664 1384 708 in
1413 664 1559 710 Taciti
1596 665 1730 710 libris
1759 669 1830 709 tot

119 744 213 790 loci
242 744 432 790 obscuri
462 749 508 788 et
533 745 741 802 corrupti
781 744 899 801 sint,
936 746 1109 803 ubique
1139 760 1298 791 verum
1334 751 1412 791 aut
1437 746 1561 804 quod
1586 745 1643 790 ad
1674 759 1832 790 verum

115 826 328 885 proxime
371 826 554 872 accedit
595 839 710 876 sano
749 826 924 871 iudicio
962 841 1068 872 sese
1107 827 1284 873 vidisse
1324 832 1401 872 aut
1447 826 1652 885 elegisse
1694 827 1831 871 adfir-

119 913 225 953 met.
275 908 343 952 De
368 908 508 953 rebus
540 913 689 953 autem
719 908 1096 967 orthographicis
1125 923 1238 967 quas
1277 914 1446 955 vocant
1476 923 1555 954 eas
1593 908 1830 954 scribendi

118 993 317 1047 formas,
349 1003 466 1048 quae
496 990 542 1034 in
570 990 780 1035 Mediceo
805 990 980 1048 primo,
1009 991 1086 1049 qui
1113 1006 1198 1037 sex
1223 991 1370 1037 libros
1396 991 1580 1050 priores
1603 989 1831 1036 annalium

117 1073 286 1129 habet,
319 1071 518 1117 traditae
546 1076 676 1129 sunt,
707 1085 791 1130 per
820 1072 1028 1129 reliquos
1057 1086 1240 1131 quoque
1268 1073 1415 1118 libros
1443 1072 1695 1117 servandas
1724 1085 1831 1116 esse

120 1154 509 1206 existimavimus;
548 1154 631 1198 ille
669 1154 788 1199 enim
827 1154 978 1199 codex
1015 1158 1061 1198 et
1096 1154 1443 1212 antiquissimus
1486 1159 1558 1199 est
1589 1158 1635 1198 et
1668 1167 1747 1199 eas
1783 1153 1828 1198 in

116 1235 189 1280 his
222 1236 362 1280 rebus
395 1235 651 1294 scripturas
689 1235 907 1292 exhibet,
947 1249 1060 1299 quas
1089 1235 1211 1293 apud
1236 1235 1463 1281 Romanos
1495 1235 1541 1279 in
1571 1248 1656 1280 usu
1685 1235 1830 1280 fuisse

119 1317 262 1362 certis
299 1317 577 1362 testimoniis
611 1316 700 1361 iam
743 1317 842 1362 fere
875 1300 1219 1376 comprobatum
1257 1321 1342 1361 est.
1403 1315 1629 1374 Superest
1667 1319 1718 1359 ut
1746 1315 1831 1360 ho-

118 1398 316 1443 minibus
354 1398 759 1455 familiarissimis,
799 1399 875 1457 qui
910 1399 1007 1444 suis
1042 1397 1243 1443 inventis
1281 1397 1338 1442 de
1375 1397 1553 1455 aliquot
1588 1395 1707 1442 locis
1745 1409 1830 1441 no·

117 1480 296 1524 biscum
324 1480 670 1525 communicatis
709 1494 864 1526 curam
894 1486 1096 1527 nostram
1135 1463 1310 1525 ornare*
1339 1478 1613 1535 voluerunt,
1651 1478 1827 1536 gratias

119 1575 232 1619 quas
267 1561 485 1608 maximas
511 1575 756 1620 possumus
783 1563 970 1621 publice
999 1548 1225 1620 agamus.'

258 1701 314 1745 D.
344 1701 574 1747 Monachii
605 1715 761 1748 mense
789 1701 1000 1760 Augusto
1034 1715 1072 1748 a.
1102 1699 1410 1746 MDCCCLVI.

1267 1879 1510 1946 Carolus
1557 1877 1737 1945 Halm.
