1976 3224
222 167 320 218 162
664 175 939 214 CORNELH
977 173 1172 212 TACITI
1209 173 1515 212 ANNALmM

218 306 348 369 bant,
376 319 468 354 nec
493 303 722 352 decorum
749 302 1006 368 appellatis
1031 302 1242 350 minuere
1269 300 1424 349 fidem.
1484 301 1546 348 ita
1587 300 1739 365 primo
1776 314 1888 348 con-

220 374 427 426 cursatio
461 381 509 422 et
537 389 745 438 preces,
787 373 895 421 dein
931 379 1153 436 strepere
1190 372 1428 436 praetoris
1464 368 1694 432 tribunal,
1731 384 1888 433 eaque

219 461 340 511 quae
383 444 598 492 remedio
637 444 880 508 quaesita,
922 442 1130 490 venditio
1176 449 1224 489 et
1263 442 1473 513 emptio,
1518 440 1564 487 in
1601 440 1887 488 contrarium

216 514 412 577 mutari,
441 516 549 577 quia
578 513 912 561 faeneratores
939 526 1125 560 omnem
1168 511 1419 576 pecuniam
1454 508 1724 558 mercandis
1758 509 1887 572 agris

163 579 200 639 ¹0
220 583 545 634 condiderant.
605 584 795 648 copiam
830 580 1068 630 vendendi
1104 587 1271 630 secuta
1306 580 1519 643 vilitate,
1565 586 1741 645 quanto
1780 578 1886 643 quis

165 671 174 714 ι,
218 655 516 717 obaeratior,
554 654 749 716 aegrius
786 650 1142 714 distrahebant,
1176 650 1405 715 multique
1446 649 1652 698 fortunis
1694 647 1887 714 provol-

169 717 174 749 ἕ
219 724 476 781 vehantur:
515 724 706 772 eversio
741 722 812 771 rei
849 721 1095 770 familiaris
1130 720 1405 784 dignitatem
1444 735 1500 768 ac
1538 719 1709 768 famam
1746 733 1886 783 prae·

171 836 174 855 -.
218 810 337 860 ceps
365 793 533 857 dabat,
572 792 867 872 donectkgulit
904 789 1893 869 PAEQ.Cae-san>di.sp.9§{tgzj>,ss,t..mrensess

171 860 183 933 ἒ,
212 865 403 934 miliens
448 864 674 932 sestertio
693 852 1222 927 raffiffiemmands
1245 858 1760 930 ...cuniam-aiasssatsutis
1775 872 1893 925 ..ner

160 931 496 1000 nmmum,
541 934 580 990 si
626 930 838 982 dehiton-
860 931 1040 996 populo
1083 932 1131 981 in
1168 929 1369 996 *duplum
1394 925 1896 999 .R,fee.(li.i§.-,ssaxi}.sslza

190 1005 302 1071 {sie
322 1000 508 1053 refecta
542 1002 690 1065 fides,
728 1009 776 1051 et
813 1002 1036 1067 paulatim
1078 1001 1249 1066 privati
1288 1014 1482 1064 quoque
1521 995 1788 1048 creditores
1814 1012 1890 1046 re-

194 1074 359 1140 }perti.
423 1088 580 1138 neque
618 1072 796 1137 emptio
838 1086 1063 1135 agrorum
1107 1071 1324 1120 exercita
1366 1070 1422 1118 ad
1457 1070 1658 1118 formam
1696 1074 1891 1117 senatus

180 1143 445 1211 gevonsultss
477 1142 685 1206 acribuS,
715 1149 762 1190 ut
787 1142 939 1194 ferme
969 1142 1095 1206 talia,
1122 1142 1287 1204 initiis,
1313 1141 1558 1188 incurioso
1589 1140 1700 1188 fine.

156 1225 206 1269 18
252 1207 411 1263 '‘24.
454 1213 577 1262 Dein
625 1211 827 1261 redeunt
881 1212 1069 1277 priores
1124 1208 1279 1259 metus
1334 1209 1576 1275 postulato
1629 1207 1892 1257 maiestatis

219 1282 447 1334 Considio
478 1283 714 1347 Procu10,
743 1283 820 1347 qui
850 1281 979 1330 nullo
1007 1296 1191 1346 pavore
1232 1280 1356 1330 diem
1393 1279 1599 1329 natalem
1634 1276 1889 1327 celebrans

215 1362 380 1420 raptus
425 1354 472 1402 in
509 1354 684 1402 curiam
741 1352 1016 1416 pariterque
1072 1351 1315 1400 damnatus
1368 1350 1748 1414 interfectusque
1799 1354 1888 1396 est.

216 1425 375 1473 sorori
412 1424 515 1472 eius
552 1423 756 1472 Sanciae
795 1437 916 1486 aqua
953 1429 1095 1487 atque
1142 1422 1241 1484 igni
1285 1419 1588 1469 interdictum
1631 1423 1889 1469 accusante

175 1517 196 1549 5
219 1495 278 1556 Q.
310 1493 593 1558 Pomponio.
648 1493 689 1541 is
714 1491 925 1540 moribus
950 1492 1137 1556 inquies
1163 1491 1286 1540 haec
1312 1497 1360 1539 et
1385 1490 1582 1539 huiusce
1618 1488 1744 1538 modi
1781 1503 1807 1536 a
1836 1501 1889 1535 se

215 1564 425 1614 factitari
455 1561 816 1628 praetendebat,
845 1568 895 1610 ut
927 1569 1062 1626 parta
1102 1560 1227 1626 apud
1267 1560 1534 1625 principem
1573 1561 1726 1623 gratia
1764 1557 1888 1621 peri-

218 1634 336 1683 culis
366 1633 617 1698 Pomponii
653 1632 861 1681 Secundi
888 1632 1048 1681 fratris
1072 1631 1362 1680 mederetur.
1426 1630 1568 1678 etiam
1602 1630 1649 1676 in
1684 1627 1887 1690 Pompe-

215 1706 306 1752 iam
343 1703 600 1752 Macrinam
640 1702 832 1751 exilium
870 1702 1114 1764 statuitur,
1162 1700 1294 1750 cuius
1330 1700 1547 1749 maritum
1587 1696 1887 1761 Argolicum,

217 1787 440 1822 socerum
465 1772 702 1821 Laconem
741 1786 767 1820 e
807 1770 1094 1836 primoribus
1131 1769 1438 1820 Achaeorum
1476 1767 1658 1818 Caesar
1693 1766 1887 1817 adflixe-

157 1866 199 1899 10
217 1850 304 1892 rat.
364 1849 500 1908 pater
529 1857 723 1907 quoque
750 1841 961 1890 inlustris
987 1856 1138 1905 eques
1163 1841 1407 1890 Romanus
1434 1854 1491 1888 ac
1515 1839 1666 1888 frater
1699 1843 1888 1902 praeto-

214 1914 339 1976 riuS,
370 1928 472 1962 cum
501 1912 735 1962 damnatio
763 1913 990 1972 instaret,
1024 1927 1077 1960 se
1107 1912 1200 1976 ipsi
1238 1909 1549 1958 interfecere.
1603 1908 1759 1958 datum
1786 1912 1890 1955 erat

219 1983 414 2047 crimini,
443 1982 570 2048 quod
598 1981 927 2047 Theophanen
964 1981 1301 2044 Mytilenaeum
1339 1994 1568 2046 proavum
1606 1992 1772 2028 eorum
1801 1973 1887 2024 Cn.

215 2053 418 2116 Magnus
442 2055 566 2102 inter
593 2053 785 2101 intimos
810 2050 1073 2115 habuisset,
1103 2051 1328 2116 quodque
1355 2049 1582 2098 defuncto
1607 2045 1887 2112 Theophani

219 2123 461 2172 caelestes
487 2123 699 2172 honores
727 2121 912 2172 Graeca
939 2121 1148 2170 adulatio
1177 2120 1426 2169 tribuerat.

158 2199 206 2243 19
327 2193 412 2242 25.
451 2193 569 2242 Post
605 2206 729 2257 quos
764 2192 879 2240 Sex.
918 2191 1095 2241 Marius
1133 2191 1466 2256 Hispaniarum
1506 2187 1763 2238 ditissimus
1806 2183 1887 2234 de-

214 2262 367 2311 fertur
393 2264 658 2311 incestasse
687 2262 827 2310 liliam
867 2269 914 2310 et
950 2276 1068 2309 saxo
1108 2261 1316 2325 Tarpeio
1351 2258 1567 2308 deicitur.
1619 2271 1677 2306 ac
1710 2270 1770 2304 ne
1806 2254 1886 2303 du-

215 2331 342 2380 bium
368 2331 627 2380 haberetur
651 2331 1020 2394 magnitudinem
1049 2331 1283 2395 pecuniae
1315 2329 1438 2377 malo
1475 2328 1714 2390 vertisse,
1751 2339 1886 2374 aura-

215 2403 312 2450 rias
341 2401 772 2467 arqentariasque
800 2401 930 2463 eiuS,
961 2415 1243 2464 quamquam
1272 2397 1659 2463 publicarentur,
1696 2394 1886 2444 sibimet

175 2490 195 2523 5
218 2471 436 2521 Tiberius
472 2473 705 2536 seposuit.
763 2470 1075 2533 inritatusque
1113 2469 1363 2534 suppliciis
1401 2474 1628 2528 cunctos,
1664 2465 1743 2530 qui
1781 2478 1881 2512 car-

218 2557 329 2591 cere
367 2541 685 2590 attinebantur
724 2540 934 2589 accusati
974 2540 1225 2588 societatis
1263 2553 1367 2587 cum
1392 2539 1598 2599 Seiano,
1627 2535 1789 2583 necari
1819 2534 1882 2581 iu-

214 2611 312 2660 bet.
363 2612 505 2661 iacuit
531 2612 743 2660 inmensa
771 2617 988 2673 strageS,
1026 2610 1176 2658 omnis
1213 2623 1386 2670 sexuS,
1428 2607 1580 2656 omnis
1617 2611 1776 2666 aetaS,
1815 2603 1881 2650 in-

214 2681 393 2730 lustres
429 2680 696 2744 ignobileS,
740 2680 947 2745 dispersi
990 2687 1067 2728 aut
1107 2679 1342 2743 aggerati.
1403 2691 1560 2741 neque
1597 2673 1882 2739 propinquis

216 2758 292 2798 aut
319 2752 480 2800 amicis
508 2750 775 2813 adsistere,
811 2750 1139 2811 inlacrimare,
1177 2764 1238 2797 ne
1281 2749 1440 2797 visere
1483 2743 1670 2810 quidem
1710 2742 1881 2790 diutius

158 2835 200 2868 10
217 2819 439 2883 dabatur,
484 2821 570 2869 sed
608 2820 900 2869 circumiecti
939 2819 1166 2868 custodes
1203 2825 1250 2867 et
1285 2820 1330 2866 in
1356 2829 1623 2864 maerorem
1652 2813 1879 2876 cuiusque

214 2891 377 2937 intenti
410 2905 618 2954 corpora
645 2889 912 2955 putrefacta
941 2888 1324 2950 adsectabantur,
1353 2885 1459 2934 dum
1486 2885 1529 2932 in
1553 2882 1760 2932 Tiberim
1786 2889 1877 2929 tra·
