1976 3224
237 194 334 244 128
680 204 957 242 CORNELII
990 201 1187 241 ΤΑΟΙΤΙ
1219 203 1527 241 ANNALIUM

230 335 354 383 mina
382 334 536 382 libero
565 346 770 396 egressu
805 331 1160 380 memorabant:
1197 331 1335 380 nobis
1371 333 1416 380 in
1448 340 1552 381 arto
1592 339 1639 380 et
1671 332 1906 396 inglorius

232 403 396 459 labor;
451 404 643 452 immota
678 402 858 467 quippe
897 409 976 451 aut
1018 400 1208 449 modice
1253 402 1480 452 lacessita
1524 417 1646 467 part,
1691 409 1906 451 maestae

175 485 215 518 10
232 473 361 522 urbis
387 489 467 522 res
495 481 543 522 et
573 472 805 537 princeps
832 470 1114 536 proferendi
1140 472 1311 535 imperi
1338 473 1608 520 incuriosus
1645 479 1764 521 erat.
1809 487 1906 521 non

230 545 388 592 tamen
412 545 515 592 sine
544 557 631 591 usu
668 541 812 591 fuerit
848 541 1172 605 introspicere
1208 541 1289 590 illa
1324 543 1478 606 primo
1521 549 1723 607 aspectu
1758 542 1903 602 levia,

233 627 296 662 ex
323 613 429 676 quis
455 627 734 676 magnarum
761 626 912 676 saepe
935 625 1095 660 rerum
1125 618 1282 659 motus
1311 613 1541 660 oriuntur.

333 682 415 733 33.
449 682 570 731 Nam
608 688 804 730 cunctas
838 683 1060 730 nationes
1101 687 1149 728 et
1185 682 1331 731 urbes
1368 681 1579 747 populus
1613 688 1693 731 aut
1728 681 1904 746 primo-

229 768 309 801 res
336 760 415 801 aut
445 752 622 815 singuli
648 758 847 814 regunt:
890 750 1082 800 delecta
1118 766 1181 799 ex
1215 752 1274 799 iis
1309 759 1358 801 et
1392 752 1671 801 consociata
1706 752 1780 800 rei
1821 766 1905 815 pu-

228 822 387 871 blicae
427 822 580 871 forma
617 821 801 871 laudari
843 820 1034 870 facilius
1070 835 1209 885 quam
1246 823 1472 884 evenire,
1519 821 1600 871 vel
1653 822 1694 879 si
1728 821 1905 882 evenit,

228 891 354 940 haud
382 892 600 941 diuturna
627 906 738 939 esse
767 898 944 955 potest.
996 890 1142 953 igitur
1182 898 1231 939 ut
1268 891 1381 940 olim
1416 891 1562 957 plebe
1606 891 1788 954 valida,
1828 890 1906 940 vel

192 980 212 1012 5
235 977 340 1010 cum
370 969 532 1026 patres
559 961 819 1026 pollerent,
845 960 1094 1009 noscenda
1105 959 1254 1023 vulgi
1287 969 1455 1011 natura
1481 969 1528 1011 et
1555 961 1728 1026 quibus
1753 961 1907 1010 modis

227 1039 557 1112 temperanter
600 1030 883 1093 haberetur,
935 1037 1228 1094 senatusque
1270 1038 1318 1079 et
1369 1033 1662 1096 optimatium
1713 1032 1907 1095 ingenia

229 1102 309 1165 qui
355 1102 560 1149 maxime
610 1099 994 1165 perdidicerant,
1047 1099 1206 1148 callidi
1246 1107 1516 1166 temporum
1561 1109 1611 1149 et
1660 1103 1906 1166 sapientes

228 1170 568 1233 credebantur,
602 1171 674 1218 sic
701 1184 942 1218 converso
972 1177 1098 1218 statu
1124 1185 1282 1234 neque
1315 1171 1406 1221 alia
1433 1187 1488 1220 re
1513 1171 1730 1221 Romana
1765 1186 1905 1236 quam

227 1241 267 1288 si
292 1255 412 1289 unus
437 1241 696 1304 imperitet,
725 1239 848 1289 haec
879 1240 1097 1304 conquiri
1126 1239 1344 1304 tradique
1370 1242 1417 1289 in
1442 1256 1545 1290 rem
1586 1241 1756 1303 fuerit,
1797 1242 1906 1304 quia

171 1325 211 1358 10
229 1311 369 1375 pauci
397 1310 651 1374 prudentia
676 1309 883 1359 honesta
914 1309 974 1359 ab
1001 1309 1351 1374 deterioribuS,
1383 1312 1515 1361 utilia
1537 1310 1598 1360 ab
1624 1312 1784 1360 noxiis
1809 1309 1903 1359 dis-

227 1387 453 1442 cernunt,
493 1379 659 1444 plures
694 1379 895 1428 aliorum
931 1381 1118 1428 eventis
1148 1379 1401 1434 docentur.
1466 1389 1680 1431 ceterum
1714 1389 1763 1429 ut
1791 1394 1904 1445 pro-

224 1450 395 1512 futura,
418 1450 483 1498 ita
503 1449 741 1498 minimum
763 1449 1105 1499 oblectationis
1125 1450 1362 1500 adferunt.
1409 1467 1515 1501 nam
1537 1453 1656 1500 situs
1676 1451 1903 1514 gentium,

225 1520 484 1568 varietates
514 1519 838 1584 proeliorum,
879 1519 997 1568 clari
1025 1520 1194 1568 ducum
1224 1522 1381 1570 exitus
1418 1522 1625 1571 retinent
1651 1535 1710 1570 ac
1747 1519 1899 1569 redin-

224 1596 417 1651 tegrant
443 1588 709 1653 legentium
737 1591 963 1639 animum:
993 1605 1083 1639 nos
1110 1605 1255 1639 saeva
1280 1591 1438 1652 iussa,
1483 1591 1731 1640 continuas
1762 1605 1898 1639 accu

168 1675 208 1708 15
225 1659 464 1720 sationes,
503 1658 706 1708 fallaces
753 1661 1014 1722 amicitiaS,
1053 1659 1317 1724 perniciem
1353 1661 1677 1709 innocentium
1717 1668 1764 1708 et
1800 1674 1902 1709 eas-

225 1728 332 1776 dem
370 1728 500 1776 exitu
536 1744 709 1777 causas
749 1731 1103 1792 coniungimus,
1147 1727 1292 1778 obvia
1331 1745 1489 1778 rerum
1516 1729 1820 1778 similitudine
1857 1735 1904 1777 et

225 1799 461 1846 satietate.
517 1805 613 1846 tum
643 1798 769 1862 quod
808 1800 1012 1863 antiquis
1049 1799 1372 1862 scriptoribus
1410 1816 1545 1849 rarus
1583 1800 1900 1859 obtrectator,

222 1882 380 1931 neque
428 1867 582 1915 refert
634 1869 910 1932 cuiusquam
959 1869 1161 1917 Punicas
1196 1869 1505 1919 Romanasve
1550 1871 1683 1919 acies
1732 1869 1903 1918 laetius

226 1937 484 1985 extuleris:
515 1945 561 1986 at
587 1938 866 2000 multorum,
897 1939 976 2002 qui
1006 1939 1202 1988 Tiberio
1230 1948 1436 2002 regente
1473 1954 1679 2005 poenam
1718 1938 1797 1987 vel
1836 1939 1903 1986 in·
1942 1960 1945 1965 s

164 2025 206 2057 20
223 2007 392 2055 famias
430 2006 650 2069 subiere,
703 2010 886 2072 posteri
921 2017 1127 2057 manent.
1192 2017 1338 2073 utque
1386 2010 1595 2059 familiae
1639 2010 1776 2073 ipsae
1811 2008 1903 2056 iam

225 2077 466 2125 extinctae
505 2078 624 2139 sint,
668 2079 888 2143 reperies
925 2080 1005 2142 qui
1042 2078 1104 2127 ob
1140 2079 1489 2128 similitudinem
1525 2094 1710 2128 morum
1747 2079 1902 2127 aliena

223 2145 480 2195 malefacta
508 2147 600 2195 sibi
626 2146 859 2197 obiectari
890 2155 1072 2212 putent.
1126 2151 1267 2198 etiam
1292 2149 1450 2212 gloria
1482 2165 1537 2198 ac
1573 2150 1722 2199 virtus
1751 2148 1900 2196 infen-

223 2230 306 2264 sos
336 2216 507 2278 habet,
548 2225 598 2265 ut
634 2218 771 2266 nimis
811 2233 872 2266 ex
912 2221 1185 2283 propinquo
1226 2218 1417 2268 diversa
1454 2234 1680 2283 arguens.
1733 2217 1819 2266 sed
1843 2215 1934 2265 ad-

222 2286 464 2348 inceptum
498 2286 666 2334 rede0.

328 2353 410 2404 34.
450 2354 680 2404 Cornelio
726 2355 882 2405 Cosso
919 2357 1089 2406 Asinio
1128 2358 1351 2438 Agrippa
1392 2359 1669 2407 consulibus
1708 2357 1918 2438 C1emu3

221 2424 314 2470 tius
344 2421 533 2472 Cordus
562 2425 849 2489 postulatur,
878 2441 1008 2475 novo
1042 2442 1098 2475 ac
1131 2434 1242 2475 tunc
1270 2429 1468 2490 primum
1497 2429 1655 2477 audito
1685 2429 1897 2488 crimine,

225 2492 354 2556 quod
391 2493 530 2542 editis
569 2495 818 2544 annalibus
856 2495 1146 2560 laudatoque
1180 2496 1243 2545 Μ.
1281 2496 1427 2546 Bruto
1465 2497 1519 2546 C.
1560 2498 1775 2547 Cassium
1802 2497 1898 2546 Ro-

221 2577 467 2612 manorum
494 2564 706 2613 ultimum
733 2565 951 2614 dixisset.
1011 2566 1304 2615 accusabant
1344 2569 1525 2618 Satrius
1565 2567 1811 2617 Secundus
1852 2572 1900 2614 et

178 2643 198 2674 5
223 2631 441 2682 Pinarius
466 2633 624 2698 Natta,
652 2635 813 2684 Seiani
844 2636 1063 2685 clientes
1117 2636 1162 2688 id
1195 2638 1511 2701 perniciabile
1548 2653 1663 2699 rec,
1702 2645 1749 2686 et
1778 2635 1897 2685 Cae·

225 2716 304 2750 sar
335 2704 457 2752 truci
487 2704 617 2752 vultu
642 2705 976 2755 defensionem
997 2707 1261 2771 accipienS,
1291 2723 1429 2771 quam
1449 2707 1732 2767 CremutiuS,
1754 2706 1897 2755 relin-

225 2773 444 2834 quendae
470 2775 597 2823 vitae
627 2784 816 2838 certuS,
854 2777 900 2824 in
935 2776 1062 2824 hunc
1097 2776 1286 2826 modum
1323 2793 1527 2826 exorsus
1565 2785 1664 2826 est:
1715 2774 1897 2825 ‘verba

223 2854 354 2902 mea,
386 2851 549 2906 patres
589 2847 876 2909 conscripti,
911 2854 1198 2908 arguuntur:
1233 2847 1355 2895 adeo
1391 2847 1627 2895 factorum
1666 2848 1897 2895 innocens

224 2922 341 2955 sum.
395 2912 481 2960 sed
509 2928 665 2977 neque
701 2914 822 2963 haec
859 2917 902 2962 in
941 2917 1207 2980 principem
1247 2924 1325 2964 aut
1362 2917 1594 2981 principis
1631 2923 1895 2981 parentem,
