1976 3224
176 185 271 238 180
593 196 868 235 CORNELH
889 196 1086 234 TACITI
1106 197 1413 235 ANNALmM

135 327 267 378 snici
298 326 549 387 educator,
582 325 662 389 qui
694 341 782 390 per
809 327 1025 391 speciem
1061 325 1434 375 benevolentiae
1460 331 1677 374 moneret
1703 323 1843 374 Clau-

171 396 295 446 dium
334 410 512 444 cavere
549 395 643 442 vim
691 403 834 460 atque
873 411 994 460 opes
1035 395 1333 462 principibus
1374 396 1612 444 infensas:
1659 396 1840 458 praeci-

171 482 314 531 puum
341 472 589 514 auctorem
614 464 879 514 Asiaticum
917 466 1236 514 interficiendi
1265 466 1367 515 Gai
1391 465 1616 515 Caesaris
1643 479 1737 513 non
1763 480 1841 513 ex·

169 538 384 585 timuisse
421 536 650 583 contione
686 537 734 583 in
772 536 938 601 populi
970 536 1175 585 Romani
1212 536 1354 585 fateri
1387 536 1691 600 gloriamque
1730 535 1845 584 faci·

168 607 301 655 noris
328 605 453 655 ultro
482 612 677 670 petere;
717 605 898 654 clarum
924 622 987 654 ex
1015 620 1074 654 eo
1103 607 1149 654 in
1178 606 1326 670 urbe,
1364 606 1507 655 didita
1539 621 1627 672 per
1654 606 1846 670 provin-

112 696 154 730 ιο
172 679 272 725 cias
307 677 433 725 fama
472 690 645 740 parare
680 677 771 724 iter
797 676 856 724 ad
886 676 1201 726 Germanicos
1238 676 1506 739 exercitus,
1546 674 1736 740 quando
1763 690 1844 738 ge·

170 748 294 796 nitus
320 748 539 796 Viennae
563 745 819 810 multisque
855 754 903 795 et
936 746 1108 806 validis
1147 745 1584 812 propinquitatibus
1618 744 1847 794 subnixus
1888 746 1891 749 ’

168 817 364 866 turbare
377 816 599 885 ‘gentiles
627 817 848 865 nationes
879 824 1150 882 promptum
1176 817 1394 866 haberet.
1450 823 1497 865 at
1523 814 1749 866 Claudius
1781 816 1846 863 ni·

168 887 237 935 hil
273 887 396 935 ultra
429 893 671 936 scrutatus
707 887 812 935 citis
855 902 961 935 cum
1001 886 1226 935 militibus
1258 895 1497 951 tamquam
1527 885 1845 952 opprimendo

169 957 303 1006 bello
336 956 606 1021 CriSpinum
645 957 876 1021 praetorii
914 956 1214 1022 praefectum
1246 958 1397 1020 misit,
1439 972 1464 1005 a
1491 970 1586 1022 quo
1622 963 1847 1023 repertus

115 1047 155 1080 15
172 1035 247 1076 est
274 1027 399 1093 apud
427 1026 568 1075 Baias
597 1026 866 1091 vinclisque
893 1027 1053 1076 inditis
1081 1027 1127 1074 in
1155 1027 1322 1075 urbem
1347 1034 1528 1092 raptus.

268 1097 316 1145 2.
357 1096 528 1161 Neque
571 1096 680 1144 data
721 1104 916 1145 senatus
958 1097 1124 1160 copia:
1169 1098 1292 1146 intra
1339 1095 1608 1146 cubiculum
1644 1095 1845 1159 auditur,

168 1167 431 1217 Messalina
469 1181 633 1215 coram
667 1173 715 1214 et
753 1166 923 1216 Suillio
962 1167 1320 1231 corruptionem
1354 1166 1576 1229 militum,
1615 1179 1737 1230 quos
1766 1181 1844 1230 pe-

172 1239 311 1286 cunia
339 1245 384 1286 et
420 1244 586 1301 stupro
622 1237 670 1284 in
697 1251 837 1284 omne
863 1236 1097 1300 flagitium
1134 1236 1398 1287 obstrictos
1432 1235 1694 1300 arguebat,
1723 1236 1848 1284 exim

172 1307 457 1357 adulterium
493 1307 782 1372 Poppaeae,
821 1314 1115 1372 postremum
1155 1307 1404 1356 mollitiam
1447 1306 1670 1371 corporis
1715 1305 1846 1354 obie-

132 1385 350 1434 5ctante.
388 1376 447 1425 ad
489 1376 618 1441 quod
645 1377 776 1425 victo
807 1376 999 1426 silentio
1038 1378 1258 1443 prorupit
1295 1392 1409 1426 reus
1447 1384 1494 1426 et
1541 1377 1846 1440 ‘interroga’

172 1449 337 1513 inquit,
390 1447 586 1509 ‘Suilli,
625 1447 752 1496 filios
790 1454 922 1497 tuos:
965 1449 1115 1496 virum
1150 1463 1263 1497 esse
1296 1462 1372 1496 me
1420 1445 1732 1496 fatebuntur?
1780 1447 1847 1494 in·

171 1532 471 1582 gressusque
503 1516 855 1581 defensionem,
886 1525 1126 1567 commoto
1161 1518 1392 1567 maiorem
1417 1518 1464 1565 in
1489 1516 1681 1566 modum
1708 1514 1847 1565 Clau-

172 1589 281 1650 dio,
325 1587 618 1637 Messalinae
658 1601 850 1652 quoque
885 1587 1110 1636 lacrimas
1146 1588 1343 1636 excivit.
1393 1587 1563 1651 quibus
1600 1585 1848 1635 abluendis

174 1658 396 1707 cubiculo
435 1657 694 1720 egrediens
732 1665 896 1706 monet
936 1658 1182 1707 Vitellium
1215 1672 1276 1706 ne
1313 1656 1440 1706 elabi
1475 1671 1609 1705 reum
1641 1657 1846 1704 sineret·

117 1748 154 1782 ιο
172 1730 279 1794 ipsa
307 1728 365 1776 ad
394 1729 657 1793 perniciem
684 1727 946 1792 Poppaeae
966 1728 1179 1790 festinat,
1207 1726 1406 1776 subditis
1434 1728 1512 1791 qui
1534 1733 1722 1775 terrore
1744 1739 1847 1773 car-

172 1800 298 1847 ceris
332 1797 390 1846 ad
422 1796 741 1845 voluntariam
766 1804 969 1846 mortem
1000 1796 1352 1862 propellerent,
1381 1796 1503 1846 adeo
1531 1797 1700 1859 ignaro
1726 1794 1826 1844 Cae

171 1883 305 1932 sare,
345 1875 390 1916 ut
417 1881 602 1932 paucos
640 1874 752 1932 post
788 1867 891 1916 dies
931 1867 1205 1932 epulantem
1241 1866 1368 1932 apud
1404 1882 1458 1915 se
1493 1867 1709 1914 maritum
1745 1866 1846 1914 eius

172 1939 451 2003 Scipionem
478 1945 874 2002 percontaretur,
904 1953 987 1986 cur
1013 1938 1115 1986 sine
1141 1951 1295 1985 uxore
1322 1936 1672 1998 discubuisset,
1704 1942 1848 2000 atque

170 2009 255 2058 ille
282 2009 492 2064 functam
516 2008 615 2056 sato
642 2006 981 2073 responderet.

273 2080 321 2130 3.
365 2078 463 2128 Sed
500 2077 788 2127 consultanti
826 2093 973 2143 super
1021 2077 1325 2126 absolutione
1363 2075 1567 2124 Asiatici
1605 2074 1725 2123 flens
1766 2075 1845 2122 Vi-

171 2150 357 2211 telliuS,
414 2155 787 2197 commemorata
834 2155 1074 2195 vetustate
1119 2148 1357 2196 amicitiae
1405 2152 1547 2209 utque
1593 2143 1847 2192 Antoniam

174 2220 406 2284 principis
434 2225 632 2266 matrem
664 2218 843 2283 pariter
867 2216 1283 2279 observavissent,
1311 2216 1420 2265 dein
1443 2214 1688 2280 percursis
1709 2213 1845 2261 Asia-

171 2291 251 2337 tici
289 2290 334 2336 in
373 2304 473 2336 rem
500 2288 739 2353 publicam
775 2287 949 2336 officiis
983 2287 1265 2351 recentique
1297 2286 1530 2334 adversus
1560 2283 1848 2333 Britanniam

134 2359 361 2420 smilitia,
395 2373 617 2421 quaeque
652 2358 745 2405 alia
785 2356 1120 2405 conciliandae
1154 2354 1518 2404 misericordiae
1550 2352 1846 2402 videbantur.

173 2429 376 2478 liberum
403 2429 570 2476 mortis
602 2427 845 2475 arbitrium
875 2428 920 2474 ei
958 2426 1196 2490 permisit;
1235 2432 1283 2473 et
1320 2431 1484 2473 secuta
1521 2430 1628 2471 sunt
1663 2420 1849 2471 Claudii

174 2499 325 2547 verba
354 2500 400 2546 in
431 2497 633 2547 eandem
662 2496 979 2544 clementiam.
1031 2494 1331 2544 hortantibus
1359 2493 1532 2542 dehinc
1568 2491 1846 2557 quibusdam

174 2569 380 2617 inediam
410 2575 456 2616 ct
481 2567 638 2615 lenem
666 2568 867 2629 exitum,
897 2567 1143 2614 remittere
1171 2565 1456 2613 beneficium
1485 2562 1729 2611 Asiaticus
1760 2562 1844 2610 ait:

176 2647 222 2687 et
264 2639 502 2702 usurpatis
538 2636 708 2702 quibus
750 2637 1026 2684 insueverat
1063 2634 1517 2696 exercitationibus,
1565 2632 1692 2680 lauto
1741 2647 1845 2679 cor-

128 2728 161 2761 ιο
181 2723 315 2773 pore,
344 2708 497 2756 hilare
525 2706 762 2771 epulatuS,
792 2721 895 2755 cum
922 2721 974 2754 se
1003 2705 1251 2753 honestius
1279 2704 1541 2753 calliditate
1562 2701 1740 2750 Tiberii
1770 2716 1843 2749 veo

176 2780 356 2842 impetu
400 2777 484 2826 Gai
521 2775 745 2825 Caesaris
785 2778 1046 2841 periturum
1078 2775 1303 2837 dixisset,
1343 2788 1482 2838 quam
1517 2771 1643 2836 quod
1679 2770 1847 2819 fraude

175 2848 394 2895 muliebri
424 2855 469 2895 et
494 2845 720 2910 inpudico
743 2846 924 2895 Vitellii
947 2861 1030 2894 ore
1057 2845 1270 2907 caderet,
1307 2858 1455 2892 venas
1483 2841 1713 2904 exsolvit,
1743 2842 1847 2888 viso

181 2925 336 2965 tamen
361 2925 467 2964 ante
497 2930 621 2977 rogo
651 2917 877 2980 iussoque
900 2915 1151 2963 transferri
1180 2921 1360 2979 partem
1389 2914 1433 2960 in
1462 2912 1617 2973 aliam,
1648 2926 1706 2959 ne
1733 2925 1847 2976 opa-

1973 3002 1976 3124 l

1971 3125 1976 3224 Ι
