1976 3224
250 199 351 249 260
678 211 954 251 commun
979 213 1171 250 mom
1194 213 1497 251 ANNAmUM

248 341 416 389 attulit.
468 348 692 404 ratusque
722 341 934 390 dedecus
961 341 1165 405 molliri,
1195 344 1247 390 si
1279 343 1446 406 plures
1474 343 1750 404 foedasset,
1787 342 1922 391 nobi-

190 433 231 464 15
247 409 358 458 lium
399 410 681 458 familiarum
721 419 948 475 posteros
991 419 1212 475 egestate
1246 412 1447 460 venales
1495 414 1543 460 in
1579 427 1803 461 scaenam
1840 411 1920 460 de-

248 479 408 534 duxit:
439 495 562 545 quos
598 481 696 529 fato
728 482 1010 546 perfunctos
1038 497 1098 530 ne
1127 483 1402 547 nominatim
1428 482 1636 544 tradam,
1664 481 1923 530 maioribus

248 564 410 599 eorum
443 550 742 599 tribuendum
778 559 911 616 put0.
967 567 1070 600 nam
1113 560 1160 600 et
1196 555 1299 601 eius
1325 552 1555 615 flagitium
1585 559 1685 613 est,
1725 553 1805 616 qui
1837 567 1921 616 pe-

248 621 430 669 cuniam
458 621 521 670 ob
549 621 725 670 delicta
755 623 913 686 potius
943 621 1074 670 dedit
1115 637 1253 686 quam
1289 637 1348 671 ne
1377 622 1728 686 delinquerent.
1779 629 1922 670 notos

246 705 438 755 quoque
479 693 669 755 equites
701 692 948 740 Romanos
990 707 1168 757 operas
1206 707 1382 741 arenae
1422 693 1702 756 promittere
1731 691 1923 754 subegit

185 784 228 817 20
245 760 385 809 donis
413 761 717 824 ingentibuS,
756 764 846 810 nisi
886 762 1012 827 quod
1050 777 1240 811 merces
1277 762 1336 810 ab
1374 777 1432 811 eo
1461 763 1538 827 qui
1565 761 1734 810 iubere
1761 767 1923 826 potest

245 832 337 879 vim
365 832 672 880 necessitatis
702 831 872 881 adfert.
1228 853 1232 859 ·

353 902 431 949 15.
465 900 540 950 Ne
568 909 724 951 tamen
752 901 906 951 adhuc
937 902 1133 968 publico
1159 902 1347 951 theatro
1385 902 1812 966 dehonestaretur,
1849 903 1919 950 in-

245 972 393 1019 stituit
431 971 572 1020 ludos
614 971 904 1020 iuvenalium
942 972 1211 1035 vocabulo,
1260 974 1307 1020 in
1352 987 1473 1037 quos
1516 974 1694 1036 passim
1730 974 1922 1022 nomina

244 1042 366 1089 data.
418 1056 514 1090 non
544 1041 770 1090 nobilitas
797 1044 1043 1107 cuiquam,
1078 1057 1175 1091 non
1202 1050 1338 1091 aetas
1369 1040 1446 1090 aut
1473 1043 1566 1091 acti
1596 1043 1810 1092 honores
1837 1044 1920 1091 im-

247 1110 539 1175 pedimento,
575 1127 667 1177 quo
697 1111 848 1160 minus
877 1112 1050 1162 Graeci
1076 1113 1291 1161 Latinive
1317 1111 1564 1161 histrionis
1601 1120 1750 1161 artem
1781 1127 1919 1162 exer-

199 1203 218 1233 5
245 1187 411 1230 cerent
435 1196 591 1246 usque
617 1182 677 1231 ad
701 1189 870 1245 gestus
899 1182 1169 1247 modosque
1195 1182 1319 1231 haud
1342 1183 1528 1231 viriles.
1580 1183 1692 1247 quin
1719 1189 1767 1231 et
1786 1182 1920 1231 femi-

241 1266 330 1299 nae
370 1251 598 1301 inlustres
637 1251 870 1301 deformia
906 1253 1127 1302 meditari
1141 1273 1151 1308 ;
1191 1260 1536 1317 exstructaque
1570 1251 1698 1318 apud
1736 1267 1919 1315 nemus,

243 1320 373 1385 quod
406 1322 564 1371 navali
607 1330 781 1385 stagno
821 1325 1164 1388 circumposuit
1188 1323 1465 1386 AugustuS,
1503 1322 1841 1371 conventicula
1872 1329 1920 1371 et

243 1405 494 1456 cauponae
525 1399 574 1440 et
606 1395 765 1457 posita
790 1407 915 1442 veno
953 1395 1251 1442 inritamenta
1284 1394 1431 1442 luxui.
1479 1392 1808 1457 dabanturque
1838 1394 1919 1440 sti-

242 1476 358 1525 peS,
399 1476 517 1525 quas
556 1462 668 1510 boni
706 1463 1027 1526 necessitate,
1066 1466 1446 1527 intemperantes
1472 1463 1634 1526 gloria
1669 1477 1918 1512 consume-

184 1551 224 1583 10
241 1538 364 1579 rent.
410 1532 520 1580 inde
546 1532 762 1595 gliscere
791 1533 974 1596 flagitia
1001 1541 1048 1582 et
1074 1533 1291 1594 infamia,
1321 1548 1413 1581 nec
1438 1533 1536 1582 ulla
1560 1533 1775 1582 moribus
1804 1532 1915 1581 olim

243 1604 484 1665 corruptis
516 1602 624 1666 plus
652 1602 897 1651 libidinum
928 1602 1240 1652 circumdedit
1264 1618 1401 1666 quam
1429 1603 1509 1651 illa
1540 1602 1808 1652 conluvies.
1837 1603 1919 1650 vix

240 1670 422 1721 artibus
458 1672 678 1720 honestis
705 1673 860 1736 pudor
890 1674 1146 1736 retinetur,
1189 1672 1362 1721 nedum
1403 1674 1527 1721 inter
1564 1673 1823 1720 certamina
1850 1672 1916 1719 vi-

239 1743 409 1789 tiorum
439 1741 664 1806 pudicitia
691 1750 770 1790 aut
804 1743 1042 1791 modestia
1081 1751 1160 1790 aut
1191 1743 1442 1806 quicquam
1480 1741 1622 1804 probi
1657 1743 1804 1790 moris
1841 1757 1916 1789 re-

240 1818 532 1859 servaretur.
589 1819 859 1876 postremus
914 1813 1018 1877 ipse
1076 1827 1298 1861 scaenam
1354 1812 1561 1875 incedit,
1614 1811 1759 1860 multa
1803 1826 1912 1860 cura

182 1888 476 1945 15temptans
520 1881 746 1930 citharam
785 1889 832 1930 et
869 1881 1222 1946 praemeditans
1259 1881 1600 1931 adsistentibus
1637 1879 1913 1945 phonascis·

239 1959 522 1999 accesserat
550 1951 726 2000 cohors
755 1951 969 2014 militum,
1004 1953 1312 2000 centuriones
1333 1951 1605 2016 tribunique
1626 1958 1674 1999 et
1693 1965 1915 2000 maerens

238 2021 415 2069 Burrus
453 2037 509 2070 ac
536 2021 750 2070 laudans,
800 2030 1008 2086 tuncque
1045 2023 1244 2086 primum
1283 2021 1546 2086 conscripti
1584 2028 1690 2070 sunt
1726 2022 1915 2084 equites

236 2091 439 2139 Romani
476 2099 802 2155 cognomento
831 2091 1267 2155 Augustianorum,
1305 2098 1462 2140 aetate
1498 2105 1556 2139 ac
1590 2090 1770 2140 robore
1801 2105 1913 2141 con·

239 2162 412 2224 spicui,
442 2168 489 2209 et
515 2177 629 2226 pars
655 2162 850 2225 ingenio
878 2177 1133 2226 procaces,
1162 2161 1241 2210 alii
1271 2163 1318 2209 in
1346 2176 1435 2226 spe
1458 2161 1720 2225 potentiae.
1758 2161 1788 2207 ii
1810 2160 1912 2209 dies

179 2248 220 2279 20
241 2245 299 2278 ac
333 2238 504 2279 noctes
540 2231 788 2295 plausibus
824 2246 1091 2295 personare
1128 2231 1328 2279 formam
1372 2231 1606 2295 principis
1641 2244 1911 2293 vocemque

238 2299 375 2347 deum
410 2300 663 2349 vocabulis
703 2301 1029 2366 appellantes:
1068 2301 1203 2365 quasi
1239 2315 1328 2365 per
1356 2300 1579 2348 virtutem
1609 2299 1724 2349 clari
1762 2299 1910 2348 hono-

236 2372 423 2433 ratique
449 2384 617 2432 agere.
1343 2419 1346 2422 ,

342 2439 422 2488 16.
458 2439 532 2488 Ne
559 2447 717 2488 tamen
743 2440 955 2488 ludicrae
982 2447 1157 2487 tantum
1197 2440 1503 2504 imperatoris
1531 2447 1659 2488 artes
1686 2446 1908 2488 notesce-

236 2516 355 2571 rent,
385 2510 641 2558 carminum
667 2525 860 2574 quoque
895 2510 1096 2558 studium
1132 2509 1416 2573 adfectavit,
1454 2509 1711 2558 contractis
1738 2507 1909 2572 quibus

236 2579 393 2642 aliqua
422 2579 662 2644 pangendi
691 2580 896 2628 facultas
932 2595 1023 2628 nec
1049 2579 1155 2627 dum
1192 2580 1392 2642 insignis
1430 2579 1705 2628 auctoritas.
1750 2576 1797 2625 hi
1829 2592 1908 2625 ce·
1945 2602 1948 2606 ⁴

236 2651 330 2696 nati
367 2649 622 2698 considere
660 2649 823 2713 simul,
857 2652 911 2698 et*
938 2649 1126 2697 adlatos
1166 2649 1242 2697 vel
1280 2648 1457 2697 ibidem
1482 2655 1708 2713 repertos
1736 2661 1908 2695 versus

199 2739 218 2768 5
239 2726 500 2767 conectere
528 2726 672 2783 atque
699 2721 851 2783 ipsius
879 2719 1024 2768 verba
1053 2733 1245 2783 quoquo
1273 2718 1417 2768 modo
1448 2718 1632 2783 prolata
1657 2715 1905 2781 supplere.

237 2787 364 2850 quod
404 2788 596 2852 species
624 2790 730 2854 ipsa
771 2791 1025 2838 carminum
1055 2789 1223 2851 docet,
1257 2803 1352 2837 non
1387 2789 1566 2852 impetu
1603 2793 1650 2835 et
1683 2787 1905 2835 instinctu

236 2871 327 2903 nec
359 2871 444 2904 ore
471 2872 565 2906 uno
594 2859 762 2907 fluens.
823 2860 962 2907 etiam
991 2859 1258 2922 sapientiae
1285 2857 1562 2906 doctoribus
1596 2863 1784 2919 tempus
1813 2857 1904 2904 im-

238 2925 475 2989 pertiebat
501 2935 612 2991 post
638 2929 834 2992 epulas,
875 2935 1019 2991 utque
1047 2923 1287 2976 contraria
1313 2926 1691 2974 adseverantium
1721 2926 1903 2973 discor-
