1950 3210
555 207 1005 249 COMMENTARIUS
1036 209 1316 250 CRITICUS.
1613 212 1803 251 XXXIII

245 334 340 397 29,
378 345 403 387 5
434 338 673 396 uibillius,
698 354 738 386 v.
757 345 811 396 2,
838 345 896 389 63
927 341 935 404 Ι
966 344 991 388 7
1023 341 1309 387 certantibus
1337 343 1551 388 barbaris
1580 344 1802 388 certanti-

102 411 188 456 bus
221 403 229 474 Ι
261 414 290 458 8
313 408 520 467 Palpelio
548 408 606 453 L.-
634 424 678 467 p.
712 410 872 455 atellio
905 404 912 470 Ι
946 416 1001 457 10
1026 422 1306 469 componere
1339 405 1346 474 Ι
1380 417 1435 460 12
1464 412 1567 469 ligii
1593 417 1636 456 et
1659 418 1742 469 30,
1773 418 1800 459 2

103 479 244 537 ligius
260 513 272 536 ,
298 490 382 522 em.
408 477 691 537 Mitllenhoff
707 481 754 523 in
779 478 829 523 Z.
850 478 891 537 f.
923 480 966 523 d.
992 480 1045 523 A.
1082 480 1168 537 lx,
1194 485 1305 531 253:
1343 482 1477 539 Lygii
1507 481 1687 526 oberlin

245 544 340 605 30,
380 553 403 594 1
443 547 641 604 iazigies
685 542 692 609 Ι
735 554 763 597 3
789 549 1059 606 digressus,
1095 561 1179 595 em.
1213 550 1259 593 E
1288 545 1295 608 Ι
1328 556 1355 599 6
1395 549 1531 596 dauio
1566 546 1572 614 Ι
1605 557 1632 599 8
1656 551 1798 608 uagio

104 631 158 664 ac
188 616 310 663 sidio
354 609 362 679 Ι
407 622 463 663 10
491 617 818 663 dominationis
843 617 889 662 P
922 616 993 679 (in
1018 616 1230 679 adnot.).·
1271 620 1716 676 dominationes,·v.
1753 627 1797 677 3,

99 693 183 740 55;
209 692 272 743 6,
295 690 366 734 45.

241 752 332 813 31,
366 759 394 801 2
420 759 466 799 et
492 755 608 800 fusis
629 755 742 813 fort.
771 769 832 801 ex
860 757 1034 802 ecfusis
1081 751 1089 821 Ι
1128 763 1155 806 6
1182 758 1456 803 restiterunt
1488 752 1495 821 Ι
1536 764 1564 807 8
1590 759 1797 804 castellis

99 826 360 872 Boetticher
411 819 418 887 Ι
466 824 674 870 Avonam
709 824 954 870 Mannert:
1003 833 1217 872 antonam
1261 824 1515 886 (Ausonam
1555 828 1795 884 Cambden,

98 896 324 942 Avionam
349 895 424 940 He
448 893 577 938 haud
604 896 697 939 scio
725 909 786 939 an
810 892 1003 954 rectius)
1047 890 1054 958 Ι
1097 901 1124 944 9
1149 896 1271 940 inter
1290 897 1393 940 add.
1423 897 1495 951 Η,
1536 911 1681 955 usque
1718 897 1794 954 Bi,

100 971 258 1011 contra
285 965 434 1024 Silliy,
463 963 520 1009 ad
546 960 678 1024 (post
697 962 889 1025 castris)
918 965 1153 1022 Bipontini

238 1030 333 1091 32,
370 1039 397 1081 2
433 1035 479 1079 in
507 1033 754 1092 Decangos
780 1035 879 1078 Bz:
919 1033 1027 1079 inde
1063 1047 1237 1091 cangos
1275 1032 1408 1094 (inde
1447 1035 1492 1079 in
1528 1035 1711 1092 Cangos
1738 1034 1793 1090 P,

97 1104 144 1149 in
180 1104 409 1150 Decantas
439 1099 544 1161 Ri).
614 1102 684 1147 Ne
718 1105 819 1162 quis
857 1103 966 1148 inde
1007 1104 1191 1161 Cangos
1231 1103 1473 1162 defendat,
1515 1104 1796 1162 conferimus

98 1178 180 1230 12,
212 1178 266 1223 16
291 1173 413 1219 exim
450 1173 497 1218 in
529 1171 718 1218 Siracos
747 1178 975 1231 pergunt,
1012 1177 1095 1229 12,
1132 1178 1189 1221 33
1227 1172 1339 1217 itum
1366 1173 1474 1217 inde
1515 1174 1561 1218 in
1588 1174 1793 1225 Siluras:

96 1244 277 1289 diversa
302 1246 450 1288 aulem
467 1241 644 1287 videtur
667 1244 785 1287 ratio
808 1244 856 1287 in
876 1247 931 1289 12
949 1276 963 1299 ,
989 1248 1042 1290 51
1068 1241 1268 1287 Hiberos
1295 1242 1352 1288 ad
1375 1244 1574 1300 patrium
1600 1257 1795 1300 regnum

96 1312 324 1371 pervadit.
390 1311 596 1358 Ceterum
634 1309 778 1369 Cangi
805 1326 894 1366 non
921 1314 1067 1370 maqis
1089 1313 1184 1357 noti
1212 1318 1318 1357 sunt
1351 1326 1490 1370 qaam
1526 1313 1749 1369 Decangi.
1782 1308 1789 1365 Ι

95 1386 123 1430 6
148 1381 386 1439 brigantes
417 1395 495 1439 pr.
525 1394 582 1424 m.
627 1373 636 1444 Ι
677 1386 705 1429 8
737 1387 1008 1441 coeptarant
1033 1381 1073 1426 Α
1105 1374 1114 1445 Ι
1145 1386 1172 1429 9
1199 1381 1400 1427 Silurum
1427 1381 1492 1426 R.-
1530 1382 1751 1427 siluarum
1783 1386 1791 1441 Ι

95 1456 151 1499 12
174 1464 332 1496 manus
357 1451 431 1495 Fa

235 1516 328 1577 33,
377 1525 405 1566 2
440 1519 629 1565 confisis
678 1514 686 1583 Ι
737 1523 766 1565 4
799 1526 899 1565 astu
939 1522 1044 1565 incl.
1076 1521 1174 1573 He,
1211 1533 1294 1565 nos
1321 1521 1510 1577 fraude,
1548 1521 1672 1578 quod
1696 1533 1790 1566 voc.

93 1590 376 1637 verisimilius
408 1589 587 1634 videtur
623 1601 685 1633 ex
720 1590 988 1646 ylossemate
1023 1591 1250 1634 adiectum
1286 1600 1384 1634 es‘se
1421 1603 1559 1648 quam
1595 1595 1694 1635 astu
1732 1589 1796 1633 ad

93 1659 254 1705 fraude
297 1654 304 1721 Ι
346 1666 372 1706 5
399 1657 655 1704 Ordovicas
683 1657 754 1702 R.-
790 1660 1037 1720 ordolucas
1071 1654 1078 1724 Ι
1111 1665 1140 1708 8
1167 1660 1274 1704 hinc
1307 1659 1428 1704 Hm.-
1467 1664 1573 1703 tunc
1609 1657 1791 1719 (cincto

92 1724 191 1788 Bz)
234 1721 242 1792 Ι
284 1734 311 1778 9
334 1729 486 1772 malim
515 1732 726 1786 poterat,
753 1728 816 1786 cf.
844 1728 904 1773 H.
935 1735 989 1787 3,
1024 1734 1078 1778 71
1124 1724 1132 1792 Ι
1172 1729 1310 1775 hallis
1354 1728 1362 1786 Ι
1410 1735 1466 1776 10
1492 1733 1791 1786 cateruaque,

93 1809 175 1842 em.
204 1797 243 1842 L
273 1793 280 1857 Ι
315 1801 591 1843 armatorum
616 1797 684 1841 F.-
715 1797 935 1843 maiorum

232 1863 324 1923 34,
363 1871 390 1913 2
420 1867 622 1911 accenda
656 1860 663 1928 Ι
696 1859 722 1914 9
750 1867 1000 1924 religioni,
1032 1879 1114 1913 em.
1150 1867 1189 1911 L

234 1932 330 1992 35,
362 1940 391 1982 4
419 1935 578 1979 virtuti
617 1936 811 1979 malebat
845 1936 890 1980 P
918 1938 965 1980 in
1000 1936 1202 1993 append.
1248 1930 1254 1999 Ι
1298 1942 1323 1984 5
1363 1941 1410 1981 et
1438 1937 1544 1980 add.
1575 1937 1648 1980 ΒΖ
1679 1929 1687 2000 Ι
1719 1936 1792 1980 in„

91 2005 350 2051 cendebant
390 2005 428 2049 L
472 1997 480 2067 Ι
525 2010 579 2050 10
617 2004 839 2049 distracta
881 1999 890 2066 Ι
942 2011 994 2052 11
1034 2006 1259 2050 recedere
1295 2005 1335 2050 Α
1385 2000 1393 2066 Ι
1442 2010 1496 2054 17
1540 2019 1686 2051 uxore
1727 2010 1789 2062 et,

91 2087 175 2121 em.
202 2075 275 2120 Bz
546 2105 548 2107 -

231 2141 325 2201 36,
365 2149 387 2190 1
412 2141 720 2188 cartimandus
749 2139 1154 2202 (Cartismanduae
1181 2143 1244 2200 L,
1270 2148 1320 2188 ut
1340 2144 1480 2188 semel
1503 2143 1637 2188 habet
1660 2142 1787 2188 Med.

20 2251 32 2267 ,
89 2215 136 2258 in
159 2213 222 2258 H.
254 2219 308 2270 3,
331 2209 414 2274 45)
448 2209 456 2275 Ι
489 2218 545 2262 10
570 2217 662 2257 tum
685 2213 733 2257 E
761 2205 771 2277 Ι
804 2219 855 2260 11
885 2218 1074 2271 torques
1104 2213 1168 2258 D.-
1197 2213 1440 2271 torquibus

232 2279 327 2340 37,
363 2286 392 2329 4
422 2281 553 2341 pacis
583 2283 669 2334 aL,
707 2282 754 2327 in
783 2296 943 2341 pacem
968 2283 1043 2333 D,·
1075 2296 1114 2328 v.
1147 2283 1288 2341 Nipp.
1324 2276 1331 2345 Ι
1364 2287 1390 2332 7
1416 2296 1545 2340 num,
1582 2283 1622 2328 si
1651 2283 1690 2327 L
1722 2277 1729 2348 Ι
1762 2288 1792 2333 8

91 2353 300 2398 traherer
324 2351 514 2396 Belclcer
558 2344 567 2414 Ι
610 2356 665 2398 12
691 2352 920 2409 absoluti,
954 2354 1076 2410 quod
1103 2353 1177 2397 Bz
1211 2357 1360 2398 tuetur
1383 2353 1484 2397 coll.
1517 2357 1573 2409 4,
1614 2355 1676 2397 23
1708 2356 1788 2409 in„

91 2421 230 2466 soluti
266 2419 351 2475 Bi,
394 2421 595 2467 exsoluti
630 2420 697 2471 L,·
740 2420 851 2479 fort.
891 2422 947 2467 ab
990 2436 1046 2468 eo
1083 2418 1188 2482 (vel
1223 2422 1278 2467 ab
1318 2419 1459 2482 ipso)
1498 2422 1639 2467 soluti
1683 2415 1691 2486 Ι
1735 2427 1791 2471 16

44 2510 45 2513 “
90 2490 253 2549 partim

229 2554 323 2618 38,
367 2565 395 2608 9
424 2559 585 2605 silulas
612 2560 864 2619 praesidiis
900 2560 1064 2606 relicta
1097 2554 1105 2624 Ι
1139 2568 1194 2609 10
1219 2561 1324 2606 citis
1349 2561 1520 2606 nuntiis
1547 2562 1611 2616 L,
1639 2563 1733 2608 cito
1763 2577 1789 2607 e

91 2623 206 2674 vicis
230 2628 302 2674 Fa
327 2632 371 2673 et
393 2627 468 2685 M,
507 2629 600 2674 cito
627 2629 805 2675 cunctis
836 2629 935 2680 Bz,·
963 2631 1252 2687 probabilius
1288 2630 1452 2675 Wurm
1490 2628 1679 2690 (Philol.
1708 2631 1788 2688 IX,

91 2692 196 2758 9'3):
238 2697 332 2743 cito
360 2698 531 2742 nuntiis
563 2697 795 2754 dimissis,
821 2712 861 2743 υ.
884 2704 1035 2743 tamen
1063 2703 1145 2754 13,
1175 2702 1202 2744 9
1228 2702 1291 2743 in.
1327 2701 1334 2754 Ι
1367 2712 1426 2743 ex
1452 2698 1675 2758 Ruperti.-
1705 2706 1751 2745 et
1777 2695 1784 2763 Ι

92 2765 313 2824 proximis
340 2767 493 2812 missis
531 2767 579 2811 N
605 2760 612 2829 Ι
647 2772 700 2814 11
729 2774 832 2826 co'p.
862 2768 1098 2813 obsidioni
1135 2770 1236 2813 Bz:
1271 2767 1517 2826 copiarum
1540 2769 1789 2815 obsidione

45 2885 49 2892 ,
95 2829 284 2894 (copiae
310 2840 402 2881 tum
429 2836 674 2882 occidione
705 2834 783 2886 M,·
818 2837 917 2894 ipse
942 2838 1119 2882 malim.-
1147 2838 1384 2896 copiarum
1415 2838 1631 2897 obsidio,
1660 2838 1790 2884 occi-

161 2916 314 2949 ‘mern
338 2918 453 2949 PARS
479 2918 516 2951 1.
1416 2921 1441 2951 c
