1976 3224
565 192 739 229 mmm
760 192 836 230 IV.
867 192 990 230 CAP.
1013 191 1194 234 22—27
1639 184 1734 233 125

76 334 169 384 que
195 326 396 383 coeptus
423 319 527 367 dies
558 327 605 367 et
633 327 868 368 concentu
897 319 1111 369 tubarum
1138 336 1195 369 ac
1231 323 1351 370 truci
1389 323 1600 370 clamore
1626 321 1736 370 ade-

74 395 181 437 rant
206 389 520 437 semisomnos
548 389 593 436 in
629 388 889 451 barbarOS,
927 390 1224 454 praepeditis
1249 391 1565 443 Numidarum
1602 389 1739 455 equ'is

75 465 156 507 aut
198 457 418 507 diversos
464 465 629 522 pastus
672 458 1045 523 pererrantibus.
1113 459 1171 508 ab
1215 461 1442 510 Romanis
1492 461 1739 510 confertus

76 527 547 592 pedes5dispositae
572 534 782 590 turmae,
829 535 998 577 cuncta
1032 529 1223 593 proelio
1263 531 1485 595 provisa:
1519 529 1738 578 hosti-bus

78 603 243 645 contra
269 597 472 645 omnium
502 598 681 645 nesciis
706 612 803 645 non
829 613 981 660 arma,
1005 612 1111 646 -non
1149 598 1268 647 ordo
1285 637 1299 662 ,
1341 614 1435 648 uon
1472 599 1738 662 consilium,
1757 597 1819 631 10'

76 665 164 715 sed
189 680 419 730 pecorum
442 666 586 715 modo
621 666 756 729 trahi,
790 667 965 728 occidi,
999 669 1120 732 capi.
1168 668 1386 720 infensus
1403 668 1543 716 miles
1562 682 1740 717 memo·

73 737 143 784 ria
182 734 398 784 laborum
437 743 485 784 et
520 735 771 784 adversum
807 736 1043 785 eludentis
1090 745 1283 801 optatae
1326 740 1503 787 totiens
1550 753 1741 804 pugnae

72 820 128 854 se
155 806 358 871 quisque
383 805 563 854 ultione
591 811 639 852 et
674 806 906 867 sanguine
944 806 1220 871 explebant.
1271 807 1486 856 differtur
1524 823 1612 872 per
1648 823 1741 857 ma-

73 874 283 938 nipuIOS,
312 874 665 924 Tacfarinatem
692 888 872 938 omueS,
899 883 1060 924 notum
1093 883 1164 924 tot
1190 877 1388 940 proeliis
1405 913 1419 939 ,
1455 885 1740 927 consecten-

1 972 6 986 ·
73 950 172 992 tur:
201 959 296 993 non
322 945 409 992 nisi
437 944 559 993 duce
589 944 845 992 interfect-o
872 946 1087 1008 requiem
1112 945 1229 994 belli
1254 946 1379 994 fore.
1426 954 1473 994 at
1498 946 1580 995 ille
1610 946 1739 995 deie-
1758 947 1796 980 ¹5

75 1014 161 1062 ctis
193 1015 368 1062 circum
395 1012 708 1077 stipatoribus
737 1015 996 1078 vinctoque
1023 1015 1114 1063 iam
1139 1014 1238 1064 filio
1268 1023 1316 1064 et
1347 1016 1511 1064 effusis
1532 1016 1740 1080 undique

71 1083 317 1145 RomaniS,
347 1083 530 1131 ruendo
556 1084 603 1131 in
629 1083 723 1131 tela
754 1084 1078 1146 captivitatem
1107 1084 1231 1134 haud
1255 1085 1403 1134 inulta
1430 1093 1583 1133 morte
1623 1086 1739 1134 effu-

72 1153 143 1215 git
169 1154 304 1216 isque
335 1154 440 1201 linis
468 1155 607 1201 armis
634 1152 901 1215 impositus.

179 1222 262 1273 26.
301 1222 587 1271 Dolabellae
615 1222 796 1286 petenti
827 1221 988 1270 abnuit
1024 1223 1326 1287 triumphalia
1365 1223 1616 1287 Tiberine,
1656 1224 1739 1273 Se-

75 1294 183 1341 iano
214 1292 443 1354 tribuens,
469 1307 529 1339 ne
554 1291 713 1340 Blaesi
738 1291 965 1340 avunculi
987 1293 1087 1340 eius
1109 1292 1212 1342 laus
1239 1293 1594 1343 obsolesceret.
1655 1293 1741 1342 sed

71 1377 230 1426 neque
258 1362 459 1411 Blaesus
488 1361 596 1409 ideo
629 1361 887 1423 inlustrior,
919 1369 967 1410 et
991 1361 1103 1410 huic
1129 1370 1333 1426 negatus
1360 1363 1515 1412 honor
1535 1364 1740 1426 gloriam

71 1431 295 1480 intendit.-
329 1434 508 1498 quippe
541 1431 726 1480 minore
763 1432 980 1480 exercitu
1016 1432 1217 1495 insignis
1255 1433 1501 1498 captiVOS,
1542 1432 1739 1481 caedem

71 1500 204 1549 ducis
243 1501 456 1566 bellique
491 1500 701 1552 confecti
739 1501 910 1549 famam
949 1501 1242 1564 deportarat.
1315 1502 1642 1565 sequebantur
1691 1510 1739 1551 et
1762 1508 1780 1538 5

0 1621 6 1630 ,
71 1569 400 1620 Garamantum
426 1571 594 1635 legati,
623 1584 734 1620 raro
762 1571 809 1618 in
837 1569 955 1619 urbe
983 1572 1088 1634 visi,
1118 1587 1238 1636 quos
1265 1571 1570 1621 Tacfarinate
1594 1586 1738 1621 caeso

75 1641 295 1704 perculsa
341 1656 462 1704 gens
503 1649 551 1690 et
593 1642 765 1706 culpae
793 1642 958 1688 nescia
986 1640 1043 1690 ad
1086 1643 1203 1690 satis
1245 1642 1517 1691 faciendum
1555 1642 1738 1705 populo

67 1707 284 1758 Romano
323 1713 533 1759 miserat.
604 1711 813 1774 cognitis
848 1709 1021 1758 dehinc
1059 1711 1324 1761 Ptolemaei
1367 1727 1454 1776 per
1489 1711 1535 1760 id
1560 1711 1740 1760 bellum

70 1779 234 1829 studiis
259 1781 492 1844 repetitus
520 1795 581 1828 ex
613 1787 803 1828 vetusto
831 1794 966 1828 more
994 1779 1147 1828 honos
1183 1783 1453 1845 missusque
1492 1797 1518 1829 e
1547 1789 1737 1830 senato-

68 1847 199 1895 ribus
227 1850 305 1912 qui
331 1851 597 1912 scipionem
625 1849 880 1911 eburnum,
909 1857 1071 1911 togam
1097 1851 1299 1914 pictam,
1333 1852 1525 1915 antiqua
1554 1859 1737 1915 patrum
1762 1858 1797 1888 ¹0

70 1932 293 1979 munera,
321 1917 454 1966 daret
478 1933 741 1982 regemque
766 1926 812 1965 et
833 1919 1016 1966 socium
1056 1927 1199 1983 atque
1224 1922 1424 1969 amicum
1450 1920 1737 1985 appellaret.

174 1986 259 2036 27.
300 1986 480 2035 Eadem
521 1995 704 2036 aestate
740 1994 867 2036 mota
907 2002 996 2050 per
1042 1987 1226 2036 Italiam
1270 1990 1460 2037 servilis
1503 1990 1620 2038 belli
1665 2005 1738 2036 se-

70 2058 191 2104 mina
217 2056 319 2104 fors
351 2058 612 2120 oppressit.
667 2063 833 2104 auctor
858 2056 1081 2105 tumultus
1109 2057 1162 2106 T.
1199 2057 1462 2121 Curtisius,
1502 2058 1739 2122 quondam

69 2127 338 2188 praetoriae
376 2126 590 2174 cohortis
628 2126 793 2188 mileS,
834 2122 985 2189 primo
1032 2126 1249 2175 coetibus
1278 2127 1587 2176 clandestinis
1615 2127 1739 2191 apud

67 2195 360 2243 Brundisium
391 2203 438 2244 et
469 2196 774 2244 circumiecta
802 2195 1008 2259 oppida,
1038 2211 1150 2244 mox
1190 2198 1359 2260 positis
1396 2197 1646 2261 propalam
1683 2197 1736 2245 li-

66 2264 209 2313 bellis
237 2265 295 2313 ad
335 2265 600 2314 libertatem
634 2265 841 2313 vocabat
881 2267 1091 2328 agrestia
1134 2282 1220 2329 per
1254 2266 1547 2330 longinquos
1585 2267 1771 2316 saltuss

69 2342 115 2383 et
140 2334 325 2384 ferocia
351 2336 569 2397 servitia,
608 2350 712 2383 cum
743 2334 875 2382 velut
909 2350 1105 2383 munere
1131 2336 1267 2384 deum
1297 2343 1395 2384 tres
1422 2336 1630 2385 biremes
1658 2337 1735 2385 ad-

68 2403 237 2468 pulere
268 2405 326 2452 ad
365 2420 476 2452 usus
505 2405 863 2453 commeantium
891 2404 974 2452 illo
1001 2407 1132 2452 mari.
1187 2413 1235 2454 et
1270 2413 1372 2454 erat
1397 2406 1548 2454 isdem
1575 2408 1737 2467 regio-

67 2472 205 2520 nibus
220 2473 382 2522 Cutius
403 2474 559 2537 Lupus
583 2482 829 2537 quaestor,
854 2475 928 2521 cui
951 2475 1199 2537 provincia
1220 2483 1388 2523 vetere
1407 2491 1469 2523 ex
1488 2490 1624 2523 more
1641 2475 1736 2522 cal·

69 2541 140 2590 les
161 2551 415 2591 evenerat:
444 2544 484 2591 is
507 2544 738 2606 disposita
761 2543 1113 2592 classiariorum
1135 2545 1276 2608 copia
1305 2552 1609 2608 coeptantem
1633 2559 1738 2591 cum

67 2613 269 2660 maxime
312 2613 686 2660 coniurationem
724 2612 926 2659 disiecit.
990 2614 1260 2675 missusque
1298 2629 1323 2661 a
1368 2613 1578 2662 Caesare
1625 2627 1734 2677 pro·
1756 2628 1794 2659 10

68 2695 186 2743 pere
217 2683 371 2731 Staius
397 2682 612 2730 tribunus
646 2697 750 2729 cum
776 2681 934 2729 valida
969 2695 1106 2729 manu
1142 2681 1310 2730 ducem
1349 2684 1501 2745 ipsum
1538 2690 1586 2730 et
1620 2697 1733 2745 pro-

68 2749 220 2797 ximos
246 2751 443 2799 audacia
470 2752 514 2799 in
540 2750 703 2799 urbem
729 2752 884 2811 traxit,
914 2751 1003 2798 iam
1035 2750 1268 2814 trepidam
1306 2751 1366 2799 ob
1394 2751 1737 2800 multitudinem

69 2817 374 2882 familiarum,
418 2836 538 2884 quae
575 2819 813 2883 gliscebat
848 2820 1136 2881 inmensum,
1177 2822 1359 2869 minore
1386 2822 1432 2868 in
1461 2820 1563 2870 dies
1590 2821 1735 2887 plebe

67 2900 285 2945 ingenua.
