1976 3224
669 214 782 251 LIB.
804 214 882 250 XI.
913 213 1037 254 CAP.
1064 216 1084 256 1
1101 211 1221 255 -6.
1689 205 1783 257 181

84 344 238 397 ,citas
264 342 484 392 arborum
511 357 694 407 vapore
722 344 847 406 ignis
873 345 1188 391 minueretur:
1217 349 1393 390 tantum
1419 342 1486 390 illi
1515 345 1788 394 securitatis

119 414 407 463 novissimae
434 413 535 460 fuit.
1804 433 1844 466 15

218 486 266 532 4.
302 484 549 532 Vocantur
585 490 695 547 post
730 482 853 530 haec
881 490 1072 547 patrm,
1099 483 1358 546 pergitque
1385 482 1579 531 Suillius
1608 483 1787 533 addere

118 567 232 602 reos
260 554 447 617 equites
471 552 714 601 Romanos
740 552 994 615 inlustrem,
1032 551 1201 616 quibus
1227 551 1369 599 Petra
1399 561 1785 615 cognomentum.

120 631 165 671 at
195 625 338 671 causa
371 623 506 670 necis
535 636 597 670 ex
628 636 716 686 e0,
756 622 885 686 quod
911 623 1099 671 domum
1133 636 1263 670 suam
1290 621 1550 671 Mnesteris
1578 631 1626 671 et
1659 623 1786 688 Pop-

120 707 274 758 paeae
313 691 658 755 congressibus
697 692 1048 757 praebuissent.
1104 706 1271 740 verum
1307 699 1574 741 nocturnae
1613 695 1788 757 quietis

120 763 313 828 species
341 761 479 810 alteri
507 761 716 825 obiecta,
741 769 976 826 tamquam
1001 762 1204 810 vidisset
1230 760 1479 810 Claudium
1509 763 1675 828 spicea
1705 777 1785 811 co·
1805 783 1824 814 ⁵

116 846 236 882 roua
264 832 519 894 evinctum,
550 833 697 896 spicis
723 840 855 881 retro
885 833 1161 895 conversiS‚
1202 846 1354 896 eaque
1383 833 1592 894 imagine
1628 834 1787 896 gravi·

116 909 262 951 tatem
290 915 507 949 annonae
535 901 752 950 dixisset.
802 902 990 966 quidam
1017 903 1320 967 pampineam
1359 916 1587 950 coronam
1624 902 1787 950 alben-

115 972 241 1022 tibus
265 971 396 1020 foliis
421 971 570 1019 visam
603 979 744 1036 atque
769 973 832 1020 ita
857 972 1220 1036 interpretatum
1249 971 1519 1028 tradidere,
1549 980 1788 1036 vergente

119 1049 338 1091 autumno
364 1048 567 1089 mortem
593 1042 826 1106 principis
847 1041 1051 1091 ostendi.
1098 1041 1212 1089 illud
1233 1041 1357 1089 haud
1376 1041 1649 1103 ambigitur.
1674 1057 1770 1092 oua

116 1111 352 1175 licumque
378 1112 612 1160 insomnio
638 1112 730 1176 ipsi
768 1111 1000 1176 fratrique
1028 1113 1290 1176 perniciem
1334 1111 1554 1160 adlatam.
1610 1119 1785 1160 sester-
1806 1131 1846 1164 10

116 1183 229 1230 tium
257 1181 569 1244 quindeciens
595 1188 643 1229 et
679 1182 883 1244 insignia
914 1189 1167 1245 praeturae
1197 1179 1421 1245 Crispino
1451 1181 1662 1230 decreta.
1709 1181 1787 1229 ad·

119 1251 233 1300 iecit
268 1250 494 1299 Vitellius
522 1251 793 1299 sestertium
829 1250 1027 1299 deciens
1056 1249 1273 1312 SosihiO,
1314 1250 1442 1314 quod
1469 1250 1789 1300 Britannicum

120 1320 426 1385 praeceptiS‚
468 1318 713 1369 Claudium
760 1320 974 1369 consiliis
1014 1321 1214 1368 iuvaret.
1268 1327 1468 1383 rogatus
1506 1323 1789 1370 sententiam

121 1397 168 1438 et
195 1389 380 1453 Scipio,
421 1391 557 1438 ‘cum
582 1389 732 1438 idem'
763 1391 912 1455 inquit
946 1389 1026 1438 ‘de
1053 1389 1272 1438 admissis
1298 1389 1561 1454 Poppaeae
1589 1392 1789 1439 sentiam

123 1458 250 1524 quod
277 1473 472 1521 omneS‚
514 1467 676 1524 putate
715 1474 791 1508 me
827 1460 951 1508 idem
986 1459 1151 1507 dicere
1179 1459 1305 1524 quod
1333 1463 1539 1523 omneS‚'
1578 1460 1790 1522 eleganti
1806 1481 1847 1516 15

119 1536 496 1593 temperamento
531 1531 654 1578 inter
694 1529 998 1594 coniugalem
1045 1543 1255 1577 amorem
1297 1536 1343 1577 et
1378 1531 1670 1578 senatoriam
1707 1545 1787 1578 ne-

121 1600 410 1648 cessitatem.
828 1600 831 1603 ’

217 1669 265 1717 5.
307 1665 570 1717 Continuus
594 1668 704 1717 inde
732 1677 779 1718 et
809 1683 982 1717 saevus
1010 1668 1292 1717 accusandis
1320 1670 1417 1716 reis
1449 1669 1647 1717 Suillius
1674 1669 1788 1718 mul·

119 1739 252 1803 tique
284 1737 513 1787 audaciae
552 1739 654 1787 eius
695 1739 892 1795 aemuli;
930 1753 1038 1786 nam
1067 1746 1237 1787 cuncta
1274 1737 1435 1801 legum
1465 1745 1512 1786 et
1538 1739 1788 1802 magistra-

118 1814 246 1856 tuum
280 1808 436 1855 munia
472 1809 518 1855 in
559 1823 613 1856 se
649 1809 843 1857 trahens
868 1809 1096 1872 princeps
1132 1809 1377 1856 materiam
1417 1808 1680 1872 praedandi
1706 1824 1789 1873 pa·

120 1877 372 1943 tefecerat.
439 1891 531 1924 nec
576 1879 825 1941 quicquam
864 1877 1087 1941 publicae
1134 1879 1309 1925 mercis
1354 1884 1446 1925 tam
1489 1879 1661 1927 venale
1704 1879 1791 1927 fuit

123 1960 261 2010 quam
288 1945 627 1994 advocatorum
654 1947 880 2010 pertidia,
919 1946 1041 1995 adeo
1077 1954 1127 1994 ut
1156 1947 1369 2010 Samius,
1407 1948 1609 2011 insignis
1638 1963 1826 2011 equess

120 2016 389 2078 RomanuS,
429 2015 788 2079 quadringentis
823 2031 1115 2064 nummorum
1149 2015 1338 2064 milibus
1375 2017 1546 2065 Suillio
1584 2017 1705 2065 datis
1743 2024 1791 2065 et

124 2086 315 2149 cognita
343 2085 760 2149 praevaricatione
785 2086 917 2134 ferro
945 2086 991 2133 in
1025 2085 1167 2133 domo
1201 2086 1302 2133 eius
1330 2086 1614 2135 incubuerit.
1646 2086 1792 2149 igitur

120 2155 382 2218 incipiente
419 2152 472 2202 C.
505 2155 621 2204 Silio
666 2155 865 2204 consule
900 2155 1177 2218 designato,
1221 2156 1353 2203 cuius
1393 2155 1451 2203 de
1490 2158 1704 2221 potentia
1744 2161 1794 2205 et

122 2225 267 2274 exitio
302 2225 348 2271 in
383 2231 603 2289 tempore
642 2223 944 2287 memorabo,
994 2231 1290 2287 consurgunt
1327 2233 1491 2288 patres
1530 2225 1790 2289 legemque

123 2292 334 2343 Cinciam
361 2293 595 2357 flagitant,
624 2309 716 2358 qua
742 2301 939 2343 cavetur
964 2295 1243 2358 antiquituS‚
1278 2309 1339 2342 ne
1366 2295 1471 2359 quis
1498 2294 1559 2342 ob
1600 2310 1789 2344 causam
1808 2310 1849 2344 ιο

124 2362 349 2413 orandam
376 2365 629 2427 pecuniam
656 2363 891 2412 donumve
917 2365 1139 2428 accipiat.

228 2433 276 2482 6.
314 2432 499 2481 Deinde
530 2433 923 2498 obstrepentibus
949 2435 1025 2496 iis,
1054 2433 1225 2497 quihus
1253 2448 1309 2482 ea
1339 2434 1625 2483 contumelia
1651 2448 1788 2498 para-

121 2501 283 2566 batur,
314 2502 498 2551 discors
524 2503 692 2550 Suillio
721 2503 864 2551 Siliiss
891 2505 1066 2552 acriter
1101 2503 1338 2566 incubuit,
1377 2511 1593 2551 veterum
1630 2510 1788 2552 orato-

121 2586 222 2621 rum
250 2582 472 2636 exempta
499 2572 746 2634 reserem,
786 2573 864 2637 qui
899 2573 1070 2620 famam
1106 2581 1153 2621 et
1177 2580 1407 2637 posteros
1447 2573 1659 2636 praemia
1687 2572 1788 2621 elo·

124 2643 347 2706 quentiae
394 2642 755 2705 cogitavissent.
811 2641 1176 2705 pulcherrimam
1219 2642 1428 2705 alioquin
1476 2648 1522 2688 et
1556 2641 1789 2690 bonarum

124 2712 289 2760 artium
326 2711 589 2776 principem
624 2711 830 2759 sordidis
866 2711 1138 2759 ministeriis
1175 2711 1384 2766 foedari;
1424 2725 1483 2758 ne
1516 2710 1654 2759 fidem
1688 2713 1788 2775 qui·
1812 2734 1833 2767 ⁵

126 2779 232 2828 dem
257 2782 491 2844 integram
516 2795 736 2843 manere,
774 2779 853 2827 ubi
893 2780 1168 2843 magnitudo
1205 2787 1481 2844 quaestuum
1521 2787 1785 2845 spectetur.

127 2849 254 2914 quod
295 2851 333 2899 si
370 2851 417 2899 in
454 2849 626 2899 nullius
662 2848 934 2898 mercedem
974 2850 1168 2912 negotia
1206 2851 1340 2912 liant,
1382 2849 1609 2914 pauciora
1650 2850 1785 2899 fore:

126 2932 249 2966 nunc
272 2919 556 2983 inim=‹·.itias7
586 2920 939 2983 accusationes,
968 2918 1072 2967 odia
1105 2926 1151 2968 et
1182 2919 1376 2967 iniurias
1401 2919 1588 2983 foveri,
1619 2927 1667 2968 ut
1692 2934 1786 2985 quo
