1976 3224
266 170 334 219 94
691 177 966 216 CORNELII
986 177 1183 216 TAcmu
1204 177 1510 216 ANNALIUM

208 323 250 357 20
270 321 365 371 que
392 306 584 369 legibus
613 307 932 368 constrictae,
974 320 1099 353 nunc
1124 306 1297 355 vinclis
1324 306 1558 355 exsolutis
1585 305 1782 369 domm,
1819 306 1942 370 fora,

266 377 358 425 iam
389 382 436 423 et
460 376 705 424 exercitus
734 383 978 437 regerent.

374 444 460 494 34.
500 444 766 493 Paucorum
791 445 913 494 haec
940 445 1146 494 adsensu
1174 444 1358 494 audita:
1399 444 1565 509 plures
1606 443 1941 507 obturbabant,

264 530 424 579 neque
449 514 652 563 relatum
679 513 738 562 de
762 516 962 577 negotio
991 529 1149 578 neque
1177 513 1432 563 Caecinam
1458 514 1650 578 dignum
1686 520 1844 563 tantae
1870 515 1942 562 rei

268 599 540 634 censorem.
596 597 710 632 mox
763 584 988 633 Valerius
1022 583 1339 647 MessalinuS,
1391 585 1466 632 cui
1501 598 1680 649 parens
1712 583 1937 633 Messalla

264 656 517 718 ineratque
556 655 715 716 imago
754 661 985 718 paternae
1019 653 1299 716 facundiae,
1346 653 1598 718 respondit
1634 653 1780 702 multa
1816 653 1941 702 duri*

222 744 242 776 5
262 725 356 773 tiae
387 732 606 772 veterum
627 723 680 772 in
705 723 875 771 melius
896 731 944 772 et
965 724 1135 772 laetius
1153 731 1352 783 mutata;
1381 738 1539 788 neque
1562 724 1703 787 enim,
1731 730 1782 771 ut
1807 723 1938 786 olim,

260 792 682 843 adsidere'urbem
711 792 856 841 bellis
892 801 971 842 aut
997 793 1274 858 provincias
1307 793 1497 842 hostilis
1526 808 1654 842 esse.
1703 800 1751 841 et
1786 807 1941 857 pauca

258 864 540 913 feminarum
565 862 938 911 necessitatibus
966 862 1197 926 concedi,
1236 878 1359 927 quae
1384 877 1445 911 ne
1472 865 1725 926 coniugum
1750 862 1941 926 quidem

261 939 491 998 penateS,
520 931 644 981 adeo
671 933 836 981 socios
870 947 966 981 non
995 940 1222 991 onerent;
1252 939 1415 982 cetera
1439 934 1683 997 promisca
1710 947 1816 980 cum
1843 947 1919 981 ma

259 1003 382 1066 rit0,
417 1017 510 1051 nec
535 1002 683 1050 ullum
707 1003 755 1050 in
782 1016 841 1051 eo
870 1004 1007 1067 pacis
1042 1002 1445 1067 impedimentum.
1506 1002 1638 1052 bella
1675 1002 1820 1067 plane
1861 1017 1937 1051 ac-

204 1090 246 1124 10
265 1073 437 1121 cinctis
464 1071 714 1120 obeunda:
742 1071 830 1121 sed
857 1071 1215 1121 revertentibus
1242 1079 1353 1136 post
1387 1071 1606 1121 laborem
1635 1071 1765 1136 quod
1789 1071 1932 1120 hone-

262 1143 381 1191 stius
409 1157 548 1206 quam
574 1142 797 1195 uxorium
822 1140 1174 1191 levamentum?
1209 1149 1255 1191 at
1297 1141 1524 1206 quasdam
1561 1144 1609 1190 in
1634 1141 1939 1191 ambitionem

261 1219 340 1261 aut
367 1212 613 1261 avaritiam
644 1211 920 1275 prolapsas.
973 1210 1119 1276 quid?
1155 1213 1755 1277 ipsorum-magistratuum
1777 1225 1938 1260 nonne

260 1282 528 1347 plerosque
553 1283 701 1330 variis
727 1280 1004 1330 lihidinibus
1031 1279 1305 1330 obnoxios?
1339 1295 1435 1330 non
1461 1288 1620 1331 tamen
1654 1280 1765 1330 ideo
1792 1282 1935 1329 nemi·

258 1352 441 1400 nemin
469 1351 769 1415 provinciam
797 1353 930 1400 mitti.
987 1358 1243 1416 corruptos
1282 1366 1432 1416 saepe
1471 1350 1786 1417 pravitatibus
1818 1364 1932 1399 uxo*

201 1443 241 1476 15
261 1436 363 1469 rum
390 1421 618 1470 maritos:
657 1435 768 1468 num
805 1435 925 1484 ergo
964 1423 1118 1469 omnis
1158 1420 1372 1470 caelibes
1404 1418 1656 1484 integros?
1695 1420 1936 1485 placuisse

265 1490 505 1556 quondam
537 1490 720 1555 Oppias
750 1490 920 1554 legoe,
958 1491 1030 1539 sic
1071 1490 1368 1555 temporibus
1405 1491 1476 1539 rei
1514 1490 1736 1556 publicae
1773 1497 1936 1555 postu-

257 1560 490 1610 lantibus:
518 1561 769 1609 remissum
796 1560 975 1624 aliquid
1001 1567 1174 1624 postea
1195 1567 1243 1608 et
1262 1562 1546 1623 mitigatum,
1576 1561 1687 1624 quia
1708 1558 1936 1624 expedie-

256 1631 332 1678 rit.
392 1630 569 1679 frustra
604 1637 819 1679 nostram
852 1631 1093 1693 ignaviam
1128 1629 1221 1678 alia
1271 1629 1330 1677 ad
1379 1629 1617 1678 vocabula
1662 1629 1935 1678 transferri:

258 1715 365 1748 nam
393 1700 484 1747 viri
511 1700 559 1747 in
589 1713 650 1747 eo
681 1700 898 1763 culpam,
932 1700 971 1747 si
997 1699 1171 1748 femina
1202 1698 1391 1747 modum
1424 1698 1646 1747 excedat.
1697 1712 1846 1762 porro
1874 1698 1936 1747 ob

198 1790 239 1822 20
259 1771 398 1817 unius
428 1775 506 1816 aut
531 1768 730 1817 alterius
762 1768 1042 1817 inbecillum
1073 1770 1275 1817 animum
1308 1768 1433 1816 male
1469 1769 1590 1832 eripi
1614 1769 1794 1817 maritis
1824 1782 1935 1816 con-

258 1839 407 1887 sortia
434 1853 592 1886 rerum
613 1839 929 1887 secundarum
950 1838 1374 1901 adversarumque.
1416 1838 1554 1886 simul
1583 1852 1750 1886 sexum
1770 1844 1937 1886 natura

256 1908 514 1957 invalidum
551 1906 710 1956 deseri
752 1915 801 1956 et
845 1908 1027 1972 exponi
1077 1922 1164 1956 suo
1213 1907 1353 1970 luxu,
1403 1907 1704 1972 cupidinibus
1747 1907 1934 1956 alienis.

255 1980 339 2026 vix
366 1978 616 2043 praesenti
645 1977 864 2026 custodia
889 1980 1088 2026 manere
1109 1977 1294 2026 inlaesa
1319 1978 1568 2040 coniugia:
1602 1976 1714 2041 quid
1738 1977 1863 2039 fore,
1895 1977 1935 2025 si

255 2063 346 2113 per
378 2047 549 2112 plures
576 2062 728 2096 annos
758 2049 805 2095 in
828 2047 1019 2096 modum
1046 2046 1232 2096 discidii
1258 2044 1610 2096 obliterentur?
1647 2047 1718 2095 sic
1746 2046 1935 2095 obviam

197 2138 239 2171 25
261 2120 384 2166 irent
408 2118 466 2165 iis
493 2131 616 2180 quae
642 2117 755 2166 alibi
789 2124 1134 2182 peccarentur,
1155 2124 1204 2165 ut
1230 2116 1517 2179 flagitiorum
1543 2115 1674 2165 urbis
1696 2116 1932 2164 meminis-

256 2194 379 2236 sent.
431 2186 611 2235 addidit
640 2201 796 2251 pauca
821 2186 1007 2235 Drusus
1039 2186 1099 2234 de
1124 2186 1426 2234 matrimonio
1465 2199 1576 2241 suo;
1615 2199 1722 2233 nam
1758 2185 1933 2250 princi-

257 2256 398 2322 pibus
439 2255 657 2306 adeunda
694 2257 889 2320 saepius
921 2256 1183 2319 longinqua
1226 2255 1429 2318 imperii.
1510 2255 1734 2318 quotiens
1777 2254 1934 2303 divum

256 2326 527 2387 Augustum
570 2326 617 2373 in
665 2326 967 2374 occidentem
1010 2332 1151 2388 atque
1197 2325 1430 2372 orientem
1469 2325 1712 2372 meavisse
1759 2325 1934 2372 comite

255 2395 413 2444 Livia!
444 2409 497 2442 se
527 2408 723 2460 quoque
746 2395 793 2442 in
818 2393 1061 2454 Illyricum
1093 2393 1364 2457 profectum
1396 2399 1466 2455 et,
1505 2393 1544 2440 si
1581 2394 1646 2441 ita
1678 2392 1932 2455 conducat,

196 2459 240 2516 so
258 2464 379 2514 alias
422 2463 480 2512 ad
517 2471 690 2525 gentes
728 2466 923 2526 iturum,
965 2462 1091 2511 haud
1128 2477 1320 2526 semper
1357 2475 1512 2527 aequo
1557 2461 1747 2523 animo,
1789 2464 1829 2510 si
1873 2462 1932 2510 ab

256 2548 410 2583 uxore
441 2533 687 2582 carissima
719 2539 766 2581 et
795 2539 866 2582 tot
893 2532 1206 2581 communium
1244 2531 1507 2581 liberorum
1543 2538 1745 2595 parente
1784 2530 1931 2580 divel-

257 2605 455 2653 leretur.
506 2603 577 2651 sic
612 2601 852 2651 Caecinae
878 2603 1114 2650 sententia
1142 2601 1294 2650 elusa.

363 2673 446 2722 35.
484 2671 547 2720 Et
578 2672 783 2737 proximi
809 2679 1005 2720 senatus
1031 2671 1106 2719 die
1133 2670 1355 2719 Tiberius
1383 2685 1471 2735 per
1499 2670 1692 2731 literaS‚
1726 2670 1930 2732 castiga-

257 2743 319 2791 tis
347 2742 543 2806 oblique
569 2742 785 2807 patribus
824 2741 952 2806 quod
987 2748 1157 2790 cuncta
1194 2755 1410 2789 curarum
1445 2738 1503 2788 ad
1536 2739 1801 2803 principem
1824 2739 1930 2787 rei·

260 2818 455 2874 cerent,
485 2811 565 2860 Μ’.
596 2811 825 2875 Lepidum
852 2819 899 2859 et
923 2811 1102 2859 Iunium
1141 2809 1363 2859 Blaesum
1401 2809 1685 2871 nominavit,
1724 2823 1786 2856 ex
1826 2808 1931 2871 quis

260 2894 349 2944 pro
382 2881 582 2929 consule
608 2881 806 2930 Africae
838 2881 1101 2942 legeretur.
1157 2886 1253 2927 tum
1291 2878 1444 2927 audita
1481 2876 1724 2926 amborum
1764 2877 1929 2940 verba,
