1976 3224
221 201 318 266 174
646 210 922 250 CORNELII
952 210 1147 249 TAcrr1
1173 211 1479 251 ANNALmM

160 348 200 382 ¹⁵
218 341 383 390 literas
409 340 626 389 Phraatis
655 346 703 388 et
727 339 969 403 HieroniS,
1002 341 1080 404 qui
1109 339 1425 391 validissimas
1450 342 1786 407 praefecturas
1807 359 1892 410 op-

216 410 459 473 tinebant,
488 410 698 474 accipit,
743 410 939 458 brevem
978 425 1160 459 moram
1197 412 1507 476 precantium.
1571 413 1896 480 placitumque

218 481 432 547 opperiri
456 481 591 528 viros
622 479 1000 545 praepollentiS,
1041 488 1185 544 atque
1222 482 1410 530 interim
1443 481 1709 548 Ctesiphon
1749 481 1896 533 sedes

216 552 403 617 imperii
430 550 606 615 petita:
631 549 717 598 sed
748 549 828 597 ubi
859 549 983 598 diem
1011 566 1074 599 ex
1100 550 1177 598 die
1205 551 1526 617 prolatabant,
1555 553 1713 603 multis
1735 567 1895 604 coram

218 628 266 670 et
293 619 674 686 adprobantibus
704 621 887 670 Surena
917 621 1072 684 patrio
1102 635 1239 670 more
1267 621 1510 671 Tiridaten
1546 624 1719 687 insigni
1753 626 1895 688 regio

157 699 199 732 20
216 692 414 741 evinxit.

158 755 211 800 43
315 762 399 812 49.
440 759 516 809 Ac
547 761 587 809 si
615 761 770 809 statim
795 760 1028 809 interiora
1055 767 1344 826 ceterasque
1370 763 1589 812 nationes
1625 765 1895 829 petivisset,
1945 758 1951 759 7

217 846 456 896 oppressa
485 831 807 879 cunctantium
834 829 1065 879 dubitatio
1096 839 1144 880 et
1169 847 1336 880 omnes
1371 834 1418 881 in
1454 849 1595 882 unum
1631 834 1894 884 cedebant:

215 900 477 951 adsidendo
507 900 775 964 castellum,
807 901 854 948 in
885 900 1012 965 quod
1045 903 1293 964 pecuniam
1316 909 1363 950 et
1389 903 1604 968 paelices
1625 905 1897 954 Artabanus

218 971 517 1033 contulerat,
557 970 686 1019 dedit
727 971 929 1035 spatium
969 971 1176 1020 exuendi
1214 979 1373 1037 pacta.
1439 988 1545 1022 nam
1578 974 1810 1025 Phraates
1850 982 1897 1023 et

175 1054 194 1086 5
216 1042 365 1092 Hiero
409 1048 456 1089 et
496 1041 535 1089 si
573 1041 652 1104 qui
687 1040 766 1090 alii
794 1040 1033 1089 delectum
1071 1041 1309 1106 capiendo
1346 1042 1598 1093 diademati
1623 1045 1749 1094 diem
1784 1045 1897 1094 haut

217 1109 704 1173 concelebraverant,
734 1126 847 1175 pars
871 1117 1021 1174 metu,
1050 1112 1241 1176 quidam
1270 1112 1449 1163 invidia
1475 1114 1521 1161 in
1549 1113 1895 1179 Abdagaesen,

216 1182 295 1246 qui
319 1187 415 1229 tum
442 1180 549 1229 aula
581 1188 628 1229 et
653 1195 783 1230 novo
809 1196 932 1245 rege
955 1181 1247 1246 potiebatur,
1272 1182 1330 1232 ad
1356 1182 1651 1232 Artabanum
1678 1192 1893 1241 vertere;

214 1253 354 1316 isque
380 1253 428 1299 in
462 1250 699 1312 Hyrcanis
737 1259 962 1316 repertus
1003 1259 1102 1316 est,
1147 1252 1325 1302 inluvie
1363 1253 1548 1302 obsitus
1588 1261 1636 1303 et
1674 1255 1895 1304 alimenta

217 1337 330 1371 arcu
360 1321 646 1386 expediens.
694 1336 752 1370 ac
782 1322 937 1385 primo
960 1329 1197 1387 tamquam
1224 1323 1364 1372 dolus
1391 1332 1642 1388 pararetur
1681 1326 1893 1387 territuS,

157 1404 198 1438 10
216 1391 297 1440 ubi
323 1390 431 1440 data
459 1389 580 1440 fides
605 1391 883 1440 reddendae
912 1391 1220 1442 dominationi
1249 1395 1472 1457 venisse,
1506 1394 1754 1444 adlevatur
1799 1395 1895 1444 ani-

213 1477 338 1511 mum
378 1468 425 1510 et
467 1476 591 1526 quae
625 1463 879 1526 repentina
908 1464 1106 1511 mutatio
1148 1465 1374 1528 exquirit.
1438 1472 1534 1514 tum
1560 1464 1707 1514 Hiero
1737 1467 1894 1530 pueri-

214 1534 326 1582 tiam
353 1531 577 1581 Tiridatis
603 1532 841 1596 increpat,
874 1547 1032 1596 neque
1060 1548 1210 1597 penes
1226 1534 1495 1583 Arsaciden
1518 1536 1785 1599 imperium,
1809 1534 1895 1583 sed

214 1604 354 1652 inane
379 1616 554 1650 nomen
585 1602 710 1667 apud
747 1601 977 1651 inbellem
1015 1611 1214 1653 externa
1248 1604 1476 1668 mollitia,
1518 1606 1610 1653 vim
1652 1606 1697 1653 in
1735 1604 1894 1653 Abda-

214 1674 376 1736 gaesis
403 1671 563 1721 dom0.

157 1748 210 1792 44
321 1743 406 1792 50.
447 1742 610 1789 Sensit
635 1748 774 1790 vetus
800 1743 1034 1805 regnandi
1075 1743 1229 1792 falsos
1255 1744 1300 1792 in
1333 1758 1495 1793 amore
1535 1743 1644 1793 odia
1677 1759 1772 1794 non
1813 1746 1893 1793 lin-

213 1827 352 1876 gere.
407 1826 500 1859 nec
527 1811 650 1860 ultra
676 1819 908 1876 moratus,
941 1827 1081 1877 quam
1111 1813 1218 1862 dum
1245 1808 1530 1875 Scytharum
1570 1814 1744 1864 auxilia
1780 1829 1892 1863 con-

216 1883 353 1945 ciret,
383 1881 546 1946 pergit
573 1895 814 1947 properus
842 1889 889 1931 et
918 1885 1241 1947 praeveniens
1267 1885 1563 1934 inimicorum
1590 1891 1745 1945 astuS,
1780 1886 1894 1934 ami-

215 1966 379 2001 corum
416 1951 780 2015 paenitentiam;
830 1967 989 2017 neque
1033 1962 1233 2003 exuerat
1268 1954 1558 2020 paedorem,
1604 1962 1654 2003 ut
1698 1954 1893 2019 vulgum

176 2022 522 2071 5miseratione
562 2021 855 2071 adverteret.
913 2037 1009 2071 non
1044 2023 1203 2088 fraus,
1235 2039 1328 2073 non
1357 2040 1559 2090 preceS,
1598 2025 1711 2074 nihil
1751 2026 1891 2074 omis·

214 2107 314 2141 sum
358 2106 452 2156 quo
496 2091 749 2156 ambiguos
782 2092 1027 2157 inliceret,
1068 2096 1278 2159 prompti
1315 2096 1646 2144 firmarentur(
1705 2097 1892 2161 iamque

211 2162 357 2211 multa
383 2176 521 2210 manu
564 2164 835 2228 propinqua
871 2163 1127 2213 Seleuciae
1166 2164 1481 2228 adventabat,
1529 2180 1632 2214 cum
1655 2165 1892 2214 Tiridates

214 2231 352 2280 simul
381 2231 504 2281 fama
537 2240 679 2296 atque
708 2235 818 2298 ipso
845 2233 1093 2283 Artabano
1130 2235 1385 2300 perculsus
1422 2234 1617 2284 distrahi
1655 2235 1889 2297 consiliiS,

212 2302 305 2350 iret
332 2309 499 2350 contra
530 2318 587 2351 an
615 2302 793 2351 bellum
821 2306 1125 2354 cunctatione
1151 2313 1397 2355 tractaret.
1451 2305 1624 2370 quibus
1654 2305 1891 2371 proelium

156 2388 194 2422 10
214 2377 260 2420 et
286 2371 498 2419 festinati
527 2387 668 2421 casus
694 2373 967 2438 placebant,
996 2374 1225 2424 disiectos
1253 2382 1300 2424 et
1329 2376 1678 2439 longinquitate
1707 2376 1891 2424 itineris
1947 2410 1950 2411 ν

211 2441 376 2490 fessos
402 2455 461 2489 ne
494 2443 649 2490 animo
682 2442 871 2507 quidem
903 2445 1017 2492 satis
1045 2444 1102 2494 ad
1141 2447 1425 2509 opsequium
1465 2445 1703 2494 coaluisse
1739 2445 1888 2494 disse-

211 2519 334 2575 runt,
364 2510 640 2576 proditores
670 2528 824 2578 nuper
850 2513 1116 2578 hostesque
1144 2517 1264 2577 eius,
1297 2530 1435 2579 quem
1468 2530 1651 2564 rursum
1673 2515 1887 2564 foveant.

212 2597 379 2631 verum
407 2580 729 2645 Abdagaeses
759 2583 1129 2646 regrediendum
1151 2587 1195 2634 in
1214 2586 1611 2652 Mesopotamiam
1637 2585 1885 2648 censebat,

212 2659 263 2700 ut
288 2667 424 2701 amne
455 2652 666 2716 obiecto,
696 2653 936 2703 Armeniis
968 2656 1152 2704 interim
1189 2655 1532 2720 Elymaeisque
1568 2662 1614 2703 et
1654 2657 1829 2704 ceteris
1861 2670 1886 2704 a

158 2726 195 2759 ¹5
213 2729 354 2784 tergo
386 2724 585 2786 excitis,
617 2724 742 2773 aucti
775 2725 930 2789 copiis
966 2725 1226 2774 socialibus
1269 2735 1315 2775 et
1352 2741 1470 2790 quas
1513 2725 1607 2774 dux
1641 2726 1888 2774 Romanus

212 2794 422 2841 misisset
452 2793 690 2843 fortunam
719 2800 1023 2859 temptarent.
1078 2811 1135 2844 ea
1161 2798 1395 2846 sententia
1427 2795 1596 2856 valuit,
1638 2797 1745 2858 quia
1780 2794 1884 2860 plu-

211 2861 328 2909 rima
367 2865 627 2912 auctoritas
663 2879 815 2929 penes
852 2863 1179 2929 Abdagaesen
1230 2874 1277 2915 et
1313 2865 1547 2915 Tiridates
1588 2865 1791 2928 ignavus
1827 2863 1885 2913 ad
1933 2881 1935 2883 ·

216 2931 428 2994 pericula
472 2941 588 2981 erat.
652 2933 735 2982 sed
772 2934 918 2997 fugae
955 2937 1122 3000 specie
1156 2934 1443 2991 discessum
1494 2949 1550 2983 ac
1590 2936 1829 3000 principio
1857 2949 1881 2983 a

1974 2934 1976 3002 i
