1976 3224
644 153 816 189 mmm
837 152 912 189 1V.
943 151 1065 189 CAP.
1087 150 1256 192 9——l3.
1697 140 1795 190 119

133 297 276 332 causa
305 281 406 344 fuit,
434 289 482 329 ut
512 281 644 329 claro
667 279 753 327 sub
777 279 1003 343 exemplo
1025 278 1173 327 falsas
1203 278 1472 327 auditiones
1500 278 1797 343 depellerem

131 360 444 418 peteremque
470 350 529 398 ab
558 350 631 412 iis,
662 364 860 414 quorum
884 350 932 396 in
958 363 1123 397 manus
1155 363 1277 396 cura
1299 355 1462 397 nostra
1486 350 1701 411 venerit,
1734 364 1799 398 ne

131 421 374 484 divulgata
411 427 551 484 atque
586 418 884 468 incredibilia
909 418 1048 468 avide
1077 425 1281 482 accepta
1307 419 1436 466 veris
1462 433 1621 482 neque
1645 420 1692 466 in
1715 421 1795 466 mi-

130 491 344 540 raculum
376 490 615 553 corruptis
639 487 974 537 antehabeant.

241 559 318 608 12.
355 558 580 607 Ceterum
613 557 835 606 laudante
875 558 1020 606 filium
1050 572 1140 621 pro
1174 558 1347 606 rostris
1373 558 1570 606 Tiberio
1603 565 1796 606 senatus

131 625 438 696 populusque
484 627 692 676 habitum
729 642 786 675 ac
829 642 979 676 voces
1016 627 1260 675 dolentum
1304 627 1605 676 simulatione
1642 629 1796 690 magis

131 715 268 764 quam
295 692 452 746 liberis
478 697 731 759 induebat,
772 696 1055 761 domumque
1086 696 1354 746 Germanici
1380 697 1684 746 revirescere
1714 712 1795 746 oc-

131 769 243 818 culti
275 767 588 816 laetabantur.
648 766 775 831 quod
805 768 1090 831 principium
1126 767 1308 815 favoris
1350 774 1397 814 et
1431 774 1582 816 mater
1618 765 1797 831 Agrip-

130 839 240 904 pina
283 851 419 900 spem
454 837 578 884 male
614 843 785 899 tegens
821 838 1086 900 perniciem
1122 835 1480 885 adceleravere.
1533 852 1639 884 flam
1664 837 1793 886 Seia·
1820 854 1839 886 5

129 923 216 955 nus
262 905 340 954 ubi
380 905 511 954 videt
556 913 763 953 mortem
801 905 1187 963 Drusijnultam
1231 905 1647 968 interfectoribuS,
1690 907 1796 957 sine
1878 908 1882 912 ’

129 991 349 1025 maerore
387 975 581 1040 publico
618 990 755 1038 esse,
794 975 936 1023 ferox
975 976 1242 1037 scelerum,
1285 982 1332 1022 et
1368 977 1477 1040 quia
1506 977 1653 1039 prima
1684 990 1795 1040 pro-

130 1053 389 1107 venerant,
419 1045 637 1093 volutare
663 1060 855 1107 secum,
896 1059 1098 1108 quonam
1133 1045 1275 1094 modo
1317 1044 1585 1093 Germanici
1615 1045 1797 1093 liberos

130 1122 463 1181 perverteret,
502 1129 701 1178 quorum
726 1129 821 1163 non
848 1114 989 1163 dubia
1016 1115 1282 1162 successio.
1333 1130 1492 1178 neque
1519 1116 1684 1179 spargi
1716 1130 1795 1163 ve-

129 1199 301 1233 nenum
339 1186 401 1232 inx
428 1191 528 1232 tres
565 1191 777 1248 poterat,
826 1185 1026 1247 egregia
1063 1184 1311 1232 custodum
1354 1184 1446 1232 fide
1486 1191 1532 1232 et
1571 1184 1855 1251 pudicitiam

130 1254 430 1319 Agrippinae
456 1252 810 1317 inpenetrabili.
863 1254 1008 1315 igitur
1034 1255 1377 1302 contumaciam
1416 1255 1519 1301 eius
1556 1254 1795 1316 insectari,

129 1323 545 1386 vetuffAugust-ae
572 1322 756 1384 odium,
791 1330 1037 1371 recentem
1061 1323 1224 1371 Liviae
1265 1324 1606 1372 conscientiam
1634 1326 1796 1386 exagi-

132 1401 327 1456 tare„ut
359 1392 615 1456 superbam
652 1392 973 1454 fecunditate,
1011 1392 1259 1441 subnixam
1287 1393 1600 1457 popularibus
1632 1393 1797 1441 studiis

129 1463 311 1512 inhiare
347 1462 654 1510 dominationi
693 1462 818 1525 apud
859 1461 1119 1511 Caesarem
1157 1470 1430 1524 arguerent.
1495 1469 1637 1526 atque
1675 1462 1798 1510 haec

131 1532 318 1582 callidis
355 1531 759 1593 criminatoribuS,
807 1532 931 1580 inter
978 1546 1100 1595 quos
1137 1531 1388 1594 delegerat
1419 1531 1585 1579 Iulium
1628 1531 1791 1580 Postu·
1816 1545 1855 1577 15

127 1617 281 1664 mum,
324 1617 413 1666 per
438 1600 719 1650 adulterium
746 1601 957 1650 Mutiliae
985 1602 1179 1649 Priscae
1216 1602 1339 1649 inter
1366 1602 1556 1648 intimos
1585 1601 1723 1649 aviae
1750 1609 1798 1649 et

131 1671 344 1720 consiliis
392 1672 489 1719 suis
524 1670 862 1734 peridoneum,
917 1671 1026 1734 quia
1065 1670 1227 1719 Prisca
1275 1673 1320 1718 in
1362 1673 1518 1719 animo
1547 1669 1797 1733 Augustae

129 1742 285 1802 valida
326 1755 464 1789 anum
514 1748 683 1805 suapte
725 1746 891 1789 natura
942 1742 1187 1804 potentiae
1232 1741 1420 1789 anxiam
1465 1740 1798 1788 insociabilem

130 1812 266 1858 nurui
315 1809 572 1858 efficiebat.
631 1810 932 1874 Agrippinae
976 1825 1165 1873 quoque
1214 1811 1417 1873 proximi
1464 1809 1798 1858 inliciebantur

133 1880 295 1943 pravis
322 1879 624 1927 sermonibus
651 1879 858 1927 tumidos
883 1880 1077 1943 spiritus
1110 1879 1460 1942 perstimulare.
1813 1894 1856 1927 20

236 1948 313 1996 13.
347 1947 411 1996 At
438 1946 658 1996 Tiberius
681 1948 796 1995 nihil
823 1944 1092 1996 intermissa
1118 1963 1274 1996 rerum
1307 1964 1447 2010 cura,
1485 1951 1679 2010 negotia
1708 1963 1796 2012 pro

132 2018 329 2067 solaciis
368 2018 641 2081 accipiens,
687 2018 758 2065 ius
797 2017 995 2079 civium,
1040 2032 1215 2080 preces
1255 2019 1496 2066 sociorum
1534 2018 1794 2072 tractabat3

131 2088 359 2152 factaque
396 2094 594 2135 auctore
624 2100 684 2134 eo
714 2093 904 2135 senatus
934 2087 1178 2147 consulta,
1211 2094 1260 2134 ut
1288 2087 1464 2135 civitati
1495 2086 1796 2148 Cibyraticae

132 2156 257 2221 apud
282 2156 460 2219 Asiam,
489 2156 722 2219 Aegiensi
752 2156 875 2219 apud
897 2155 1150 2215 Achaiam,
1189 2163 1318 2204 motu
1344 2163 1502 2204 terrae
1528 2156 1796 2219 labefactiS,

132 2227 467 2275 subveniretur
502 2227 784 2274 remissione
822 2225 980 2273 tributi
1019 2226 1062 2272 in
1100 2226 1363 2274 triennium.
1418 2233 1473 2285 et·
1503 2225 1674 2275 Vibius
1710 2227 1792 2274 Se·
1818 2241 1837 2272 5

130 2311 275 2344 renus
302 2311 389 2360 pro
418 2296 616 2344 consule
644 2296 885 2343 ulterioris
911 2295 1196 2359 Hispaniae,
1234 2295 1292 2343 de
1318 2297 1363 2343 vi
1394 2295 1586 2358 publica
1611 2295 1797 2344 damna·

131 2372 234 2428 tuS,
275 2365 336 2414 ob
364 2368 664 2414 atrocitatem
689 2379 871 2413 morum
899 2366 943 2413 in
970 2364 1169 2412 insulam
1197 2364 1460 2427 Amorgum
1500 2365 1796 2429 deportatur.

133 2433 378 2484 Carsidius
415 2434 682 2495 SacerdoS,
717 2450 830 2483 reus
866 2441 1103 2498 tamquam
1138 2435 1374 2482 frumento
1411 2434 1599 2482 hostem
1627 2435 1797 2482 Tacfa-

130 2505 330 2553 rinatem
368 2505 596 2566 iuvisset,
630 2505 920 2566 absolvitur,
963 2503 1273 2567 eiusdemque
1311 2505 1519 2552 criminis
1558 2502 1610 2551 C.
1651 2503 1796 2551 Grac-

133 2573 267 2622 chus.
309 2574 434 2621 hunc
472 2575 692 2622 comitem
720 2573 850 2621 exilii
882 2573 1130 2622 admodum
1157 2574 1379 2620 infantem
1409 2580 1544 2635 pater
1571 2574 1794 2636 Sempro·
1816 2586 1856 2619 ιο

132 2643 236 2691 nius
263 2645 309 2691 in
335 2642 532 2691 insulam
561 2641 810 2690 Cercinam
837 2642 1024 2690 tulerat.
1080 2642 1178 2689 illic
1215 2642 1400 2690 adultus
1430 2643 1551 2688 inter
1578 2649 1798 2689 extorres

135 2718 181 2759 et
219 2712 486 2760 liberalium
524 2713 689 2760 artium
726 2713 946 2772 nescios,
983 2726 1095 2758 mox
1133 2726 1219 2774 per
1246 2710 1458 2758 Africam
1496 2725 1554 2758 ac
1590 2711 1798 2759 Siciliam

133 2782 354 2828 mutando
394 2781 611 2828 sordidas
648 2795 836 2828 merces
873 2779 1250 2834 sustentabatur;
1291 2794 1448 2842 neque
1486 2774 1642 2828 tamen
1683 2781 1796 2829 eil'u-

134 2850 203 2910 git
229 2865 430 2911 magnae
460 2851 677 2899 fortunae
707 2848 934 2913 pericula.
981 2863 1038 2896 ac
1062 2851 1105 2896 ni
1131 2848 1296 2896 Aelius
1317 2848 1471 2897 Lamia
1495 2855 1541 2896 et
1567 2848 1615 2896 L.
1639 2849 1675 2896 A
1688 2864 1797 2911 pro·
