1976 3224
636 151 810 188 rames
835 152 930 189 xv.
961 152 1085 190 CAP.
1115 151 1315 195 45—50.
1711 146 1811 196 303

149 290 328 341 corpus
356 293 628 342 procerum,
655 279 835 328 decora
859 280 1039 328 facies:
1076 280 1164 328 sed
1194 281 1364 344 procul
1390 283 1605 345 gravitas
1630 297 1812 331 morum
1829 295 1872 328 ιο

148 354 225 395 aut
249 347 544 411 voluptatum
569 349 879 411 parsimonia;
922 349 1104 398 levitati
1140 365 1198 398 ac
1224 352 1613 413 magnificentiae
1643 359 1690 399 et
1728 352 1811 399 ali-

147 416 336 479 quando
372 417 485 465 luxu
518 417 814 481 indulgebat.
865 418 1011 483 idque
1043 418 1263 482 pluribus
1300 420 1617 484 probabatur,
1661 422 1739 485 qui
1766 422 1813 467 in

142 492 273 534 tanta
303 488 524 534 vitiorum
562 486 815 535 dulcedine
852 502 1079 536 summum
1123 489 1370 553 imperium
1404 504 1502 538 nou
1539 492 1812 539 restrictum

145 570 237 603 nec
266 571 578 619 perseverum
606 557 788 604 volunt.

247 626 332 685 49.
363 625 550 675 Initium
580 627 896 675 coniurationi
933 641 1029 675 non
1066 641 1093 674 a
1134 626 1357 692 cupidine
1392 628 1546 692 ipsius
1574 629 1688 677 fuit:
1718 644 1812 677 nec

144 702 300 742 tamen
328 695 485 744 'facile
527 698 921 758 memoraverim,
967 698 1072 760 quis
1115 698 1295 760 primus
1332 705 1526 762 auctor,
1570 698 1704 747 cuius
1739 699 1810 746 in-

144 764 317 812 stinctu
347 767 587 814 concitum
623 767 683 813 sit
717 766 844 830 quod
885 773 979 814 tam
1011 765 1143 813 multi
1178 775 1499 830 sumpserunt.
1552 769 1809 832 promptis-

142 834 287 882 simos
315 834 536 883 Subrium
563 834 760 884 Flavum
786 834 1022 883 tribunum
1060 837 1337 899 praetoriae
1377 836 1592 885 cohortis
1630 844 1678 885 et
1705 836 1808 884 Sul-

141 905 318 967 picium
353 903 563 968 Asprum
607 906 935 953 centurionem
972 906 1192 953 extitisse
1231 908 1498 955 constantia
1534 908 1690 955 exitus
1726 905 1808 954 do·
1830 926 1850 956 5

143 974 260 1028 cuit;
299 979 347 1021 et
380 972 600 1023 Lucanus
626 973 855 1022 Annaeus
881 974 1190 1039 Plautiusque
1219 974 1482 1024 Lateranus
1511 974 1671 1024 vivida
1701 975 1809 1023 odia

69 1101 71 1103 V
140 1043 362 1091 intulere.
408 1045 647 1095 Lucanum
668 1045 898 1109 propriae
918 1058 1092 1093 causae
1112 1043 1461 1109 accendebant,
1488 1045 1616 1109 quod
1636 1045 1808 1093 famam

142 1113 397 1162 carminum
425 1114 526 1162 eius
553 1112 805 1177 premebat
827 1113 960 1162 Nero
988 1114 1399 1178 prohibueratque
1427 1123 1700 1178 ostentare,
1726 1129 1807 1162 va-

140 1197 227 1230 nus
256 1181 643 1232 adsimulatione:
670 1183 954 1232 Lateranum
982 1183 1230 1233 consulem
1257 1183 1559 1247 designatum
1584 1184 1713 1232 nulla
1738 1186 1805 1232 in-

139 1252 283 1314 iuria,
325 1251 410 1300 sed
449 1266 581 1300 amor
614 1254 686 1301 rei
721 1253 945 1318 publicae
972 1253 1191 1302 sociavit.
1242 1260 1289 1302 at
1319 1252 1514 1302 Flavius
1537 1253 1805 1302 Scaevinus
1824 1268 1863 1300 ιο

140 1328 187 1369 et
215 1320 443 1370 Afranius
470 1322 774 1386 Quintianus,
812 1330 1015 1387 uterque
1040 1323 1270 1371 senatorii
1296 1323 1504 1386 ordiniS,
1544 1331 1710 1373 contra
1735 1323 1804 1371 fa-

138 1406 259 1439 mam
293 1391 364 1439 sui
404 1392 688 1455 principium
724 1393 840 1441 tanti
875 1393 1106 1441 facinoris
1145 1394 1473 1457 capessivere.
1526 1408 1634 1442 nam
1658 1393 1803 1441 Scae-

137 1462 249 1509 vino
289 1460 520 1509 dissoluta
555 1461 669 1509 luxu
708 1477 843 1510 mens
884 1469 932 1511 et
970 1461 1174 1527 proinde
1211 1463 1307 1510 vita
1343 1477 1510 1511 somno
1549 1461 1802 1525 languida:

139 1531 421 1593 Quintianus
455 1530 655 1580 mollitia
691 1532 915 1596 corporis
955 1532 1141 1581 infamis
1180 1539 1228 1580 et
1261 1546 1289 1581 a
1322 1531 1518 1581 Nerone
1559 1530 1802 1596 probroso

140 1602 346 1650 carmine
373 1601 635 1651 diffamatus
662 1601 976 1652 contumelias
1007 1602 1155 1651 ultum
1183 1601 1297 1651 ibat.
1820 1626 1862 1659 15

239 1671 321 1720 50.
357 1670 493 1734 Ergo
533 1671 640 1721 dum
676 1672 868 1722 scelera
904 1674 1160 1738 principiS,
1199 1679 1248 1721 et
1279 1672 1421 1735 finem
1452 1671 1625 1720 adesse
1653 1671 1801 1736 impe-

136 1743 208 1790 rio
236 1741 638 1805 deligendumque
668 1743 746 1806 qui
772 1742 917 1791 fessis
941 1741 1088 1790 rebus
1118 1748 1453 1804 succurreret,
1490 1741 1615 1789 inter
1647 1756 1700 1789 se
1727 1749 1805 1789 aut

136 1813 260 1859 inter
297 1811 478 1858 amicos
530 1812 739 1874 iaciunt,
794 1812 1133 1875 adgregavere
1174 1810 1420 1861 Claudium
1463 1811 1802 1873 Senecionem,

139 1878 416 1929 Cervarium
436 1879 709 1943 Proculum,
730 1881 999 1929 Vulcatium
1020 1881 1287 1944 Araricum,
1307 1880 1475 1929 Iulium
1487 1880 1801 1943 Augurinum,

135 1950 390 2000 Munatium
412 1948 619 2012 Gratum,
639 1949 896 1998 Antonium
921 1949 1157 2012 Natalem,
1185 1950 1413 1998 Marcium
1434 1949 1643 2012 Festum,
1672 1951 1801 2013 equi·
1822 1972 1843 2003 5

135 2027 211 2067 tes
236 2020 497 2069 Romanos.
551 2034 613 2067 ex
639 2018 810 2082 quibus
838 2019 1073 2082 Senecio,
1116 2034 1142 2066 e
1180 2021 1444 2084 praecipua
1482 2018 1803 2067 familiaritate

134 2088 369 2152 NeroniS,
407 2089 622 2153 speciem
659 2089 893 2136 amicitiae
924 2090 1064 2137 etiam
1097 2096 1193 2136 tum
1231 2089 1443 2136 retinens
1483 2103 1542 2136 eo
1586 2087 1803 2152 pluribus

136 2158 367 2223 periculis
395 2157 783 2213 conflictabatur;
818 2157 1005 2206 Natalis
1033 2159 1280 2225 particeps
1302 2157 1362 2206 ad
1389 2171 1528 2205 omne
1562 2164 1803 2205 secretum

136 2227 299 2276 Pisoni
330 2235 456 2284 erat;
498 2228 675 2275 ceteris
700 2242 815 2291 spes
841 2242 903 2275 ex
926 2228 1066 2276 novis
1095 2227 1240 2274 rebus
1264 2226 1534 2291 petebatur.
1590 2225 1803 2275 adscitae

137 2304 244 2345 sunt
271 2312 418 2361 super
441 2296 660 2345 Subrium
688 2303 737 2344 et
761 2295 1040 2360 Sulpicium,
1070 2295 1129 2345 de
1157 2295 1327 2360 quibus
1355 2295 1544 2358 rettuli,
1571 2295 1802 2345 militares
1820 2316 1861 2348 ιο

135 2381 324 2429 manus,
367 2365 545 2415 Gavius
581 2365 886 2414 Silvanuset
923 2366 1099 2415 Statius
1129 2365 1379 2414 Proximus
1415 2364 1589 2413 tribuni
1629 2365 1800 2413 cohor-

135 2437 248 2483 tium
277 2436 649 2499 praetoriarum,
677 2434 911 2484 Maximus
934 2436 1142 2484 Scaurus
1169 2441 1218 2483 et
1244 2436 1462 2484 Venetus
1488 2433 1662 2482 Paulus
1692 2448 1801 2481 cen-

134 2506 366 2553 turiones.
420 2504 506 2553 sed
533 2519 759 2552 summum
788 2504 936 2553 robur
964 2506 1010 2552 in
1033 2504 1214 2554 Faenio
1235 2503 1362 2553 Rufo
1390 2502 1643 2567 praefecto
1670 2502 1802 2550 vide-

137 2573 300 2636 batur,
340 2589 480 2638 quem
516 2575 613 2621 vita
651 2573 871 2638 famaque
906 2574 1146 2622 laudatum
1171 2587 1260 2637 per
1294 2573 1538 2620 saevitiam
1572 2571 1801 2634 inpudici-

137 2645 344 2707 tiamque
371 2642 639 2707 Tigellinus
667 2643 714 2690 in
750 2642 906 2691 animo
931 2643 1164 2708 principis
1201 2641 1438 2703 anteibat,
1467 2639 1799 2704 fatigabatque
1817 2654 1857 2686 15

140 2712 547 2762 criminationibus
573 2727 629 2761 ac
658 2726 809 2775 saepe
835 2712 881 2759 in
908 2720 1081 2760 metum
1100 2710 1364 2759 adduxerat
1381 2709 1515 2774 quasi
1537 2709 1799 2757 adulterum

138 2781 438 2846 Agrippinae
467 2789 514 2830 et
542 2781 782 2829 desiderio
810 2782 912 2830 eius
936 2781 1102 2830 ultioni
1129 2782 1373 2828 intentum.
1420 2778 1565 2840 igitur
1585 2777 1662 2826 ubi
1687 2792 1799 2826 con-

138 2850 303 2898 iuratis
348 2852 646 2915 praefectum
687 2864 877 2914 quoque
923 2851 1150 2915 praetorii
1198 2851 1244 2896 in
1282 2855 1446 2914 partes
1486 2845 1798 2914 descendisse
