1976 3224
168 158 269 208 326
575 168 852 206 commu
884 168 1080 207 norm
1116 170 1420 210 ANNALmM

167 298 410 347 Romanus
438 303 734 360 poposcerat
755 311 887 345 reum
917 311 979 344 ex
1009 297 1353 360 proconsulatu
1378 296 1544 360 Asiae,
1574 299 1621 346 in
1646 313 1738 362 qua
1763 298 1834 346 of-

167 366 416 415 sensiones
444 365 672 429 principis
699 366 829 414 auxit
856 366 1030 413 iustitia
1055 372 1197 429 atque
1224 366 1476 430 industria,
1514 373 1562 415 et
1589 367 1697 432 quia
1725 381 1835 431 por-

165 437 232 484 tui
265 435 587 500 Ephesiorum
617 435 880 498 aperiendo
920 450 1078 484 curam
1115 436 1435 500 insumpserat
1459 436 1649 501 vimque
1675 437 1836 485 civita-

132 506 228 556 stis
255 505 614 568 Pergamenae,
655 503 956 569 prohibentis
981 504 1210 553 Acratum
1236 503 1463 553 Caesaris
1496 504 1719 554 libertum
1743 512 1836 554 sta·
1879 507 1887 511 “

167 583 272 624 tuas
301 581 347 622 et
371 575 584 639 picturas
612 573 850 635 evehere,
877 573 1071 622 inultam
1098 575 1341 623 omiserat.
1373 573 1461 623 sed
1487 576 1669 624 crimini
1695 574 1837 624 daba-

167 652 242 692 tur
267 644 472 693 amicitia
497 643 651 692 Plauti
677 650 725 691 et
749 643 941 692 ambitio
971 643 1302 693 conciliandae
1328 645 1613 709 provinciae
1638 643 1698 693 ad
1722 658 1838 709 spes

168 728 338 766 novaS.
406 720 595 777 tempus
642 712 930 761 damnationi
975 712 1243 777 delectum,
1289 727 1383 779 quo
1432 713 1668 762 Tiridates
1711 714 1837 763 acci-

168 783 343 849 piendo
381 782 640 831 Armeniae
676 797 830 845 regno
877 781 1191 845 adventabat,
1230 790 1279 831 ut
1316 783 1376 832 ad
1411 790 1610 832 externa
1637 784 1838 832 rumori·

114 871 150 903 ιο
168 854 256 902 bus
284 853 554 901 intestinum
579 851 742 900 scelus
774 851 1143 915 obscuraretur,
1186 867 1246 901 an
1273 860 1321 901 ut
1359 853 1731 916 magnitudinem
1757 853 1838 900 im-

168 923 460 989 peratoriam
506 921 655 971 caede
706 921 961 984 insignium
1005 922 1216 970 virorum
1258 923 1396 986 quasi
1438 923 1577 985 regio
1622 922 1840 971 facinore

169 998 451 1042 ostentaret.

273 1062 356 1111 24.
393 1060 546 1124 Igitur
573 1061 698 1108 omni
727 1061 922 1108 civitate
949 1060 1009 1108 ad
1037 1060 1373 1125 excipiendum
1401 1061 1669 1125 principem
1695 1075 1837 1124 spec-

168 1131 454 1195 tandumque
490 1145 659 1192 regem
700 1130 877 1191 effusa,
927 1129 1142 1179 Thrasea
1190 1144 1399 1179 occursu
1438 1129 1706 1195 prohibitus
1743 1144 1840 1178 non

170 1201 359 1250 demisit
386 1200 616 1262 animum,
658 1199 746 1247 sed
773 1198 1027 1247 codicillos
1058 1198 1119 1247 ad
1143 1198 1389 1248 Neronem
1424 1200 1723 1263 composuit,
1763 1214 1838 1247 re-

169 1272 365 1336 quirens
392 1268 583 1317 obiecta
612 1276 660 1317 et
685 1276 1062 1333 expurgaturum
1090 1269 1409 1332 adseverans,
1443 1270 1484 1318 si
1511 1270 1723 1318 notitiam
1750 1269 1839 1317 cri-

126 1358 147 1390 5
169 1341 343 1389 minum
362 1345 411 1387 et
438 1339 629 1403 copiam
649 1338 857 1387 diluendi
879 1337 1142 1387 habuisset.
1188 1353 1274 1390 eos
1299 1339 1551 1388 codicillos
1572 1338 1705 1387 Nero
1728 1352 1829 1402 pro

170 1416 397 1476 peranter
435 1411 654 1474 accepit,
695 1423 786 1474 spe
825 1410 1102 1457 exterritum
1139 1408 1402 1458 Thraseam
1449 1409 1706 1473 scripsisse
1754 1422 1842 1472 per

169 1494 292 1544 quae
332 1478 659 1527 claritudinem
701 1478 933 1543 principis
976 1478 1236 1527 extolleret
1281 1493 1511 1543 suamque
1549 1478 1722 1526 famam
1760 1477 1839 1525 de-

168 1550 462 1598 honestaret.
517 1548 647 1612 quod
683 1547 762 1596 ubi
796 1562 893 1596 non
924 1551 1086 1597 evenit
1111 1549 1387 1613 vultumque
1413 1556 1461 1598 et
1491 1549 1690 1613 spiritus
1715 1554 1762 1595 et
1788 1546 1840 1595 li-

169 1619 402 1668 bertatem
428 1619 628 1667 insontis
655 1617 782 1667 ultro
811 1618 1043 1680 extimuit,
1070 1619 1236 1667 vocari
1263 1626 1427 1683 patres
1454 1617 1601 1666 iubet.

276 1686 359 1737 25.
397 1687 516 1737 Tum
536 1687 753 1737 Thrasea
771 1689 894 1736 inter
917 1689 1166 1752 proximos
1188 1687 1493 1750 consultavit,
1518 1692 1840 1751 temptaretne

170 1758 504 1808 defensionem
552 1772 620 1807 an
666 1765 938 1822 sperneret.
1006 1757 1196 1806 diversa
1241 1757 1441 1806 consilia
1487 1755 1840 1804 adferebantur.

171 1828 340 1893 quibus
377 1829 538 1876 intrari
575 1828 753 1876 curiam
790 1825 1043 1892 placebat,
1093 1842 1297 1876 securos
1332 1842 1444 1876 esse
1479 1825 1539 1875 de
1577 1825 1842 1874 constantia

172 1899 274 1947 eius
301 1896 565 1953 disserunt;
605 1896 721 1946 nihil
750 1895 982 1945 dicturum
1015 1898 1104 1946 nisi
1131 1911 1225 1960 quo
1257 1896 1461 1960 gloriam
1495 1901 1723 1958 augeret;
1765 1909 1840 1942 se-

131 1983 151 2015 s
172 1983 294 2031 gnes
335 1974 383 2015 et
419 1966 622 2031 pavidos
656 1966 894 2031 supremis
929 1968 1028 2015 suis
1063 1973 1304 2016 secretum
1350 1965 1662 2015 circumdare.
1717 1963 1841 2028 aspi-

172 2044 305 2087 ceret
342 2036 548 2101 populus
585 2037 735 2085 virum
770 2037 911 2086 morti
953 2036 1173 2099 obvium,
1229 2036 1414 2086 audiret
1459 2041 1653 2084 senatus
1691 2047 1842 2081 voces

172 2107 309 2171 quasi
335 2121 397 2154 ex
423 2106 584 2171 aliquo
611 2106 797 2154 numine
831 2121 976 2171 supra
1002 2106 1257 2156 humanas:
1301 2121 1448 2170 posse
1475 2106 1583 2170 ipso
1609 2101 1841 2152 miraculo

172 2178 314 2225 etiam
338 2174 581 2224 Neronem
610 2177 900 2240 permoveri.
950 2177 1021 2224 sin
1045 2176 1314 2226 crudelitati
1332 2176 1590 2236 insisteret,
1617 2171 1843 2234 distingui

174 2253 306 2294 certe
336 2244 461 2309 apud
491 2252 718 2309 posteros
744 2246 1022 2294 memoriam
1048 2246 1237 2294 honesti
1265 2246 1420 2294 exitus
1446 2243 1505 2294 ab
1531 2243 1725 2306 ignavia
1755 2255 1845 2308 per

117 2327 157 2361 10
174 2315 413 2363 silentium
440 2316 753 2377 pereuntium.

276 2383 360 2433 26.
405 2381 583 2431 Contra
616 2385 694 2448 qui
736 2385 1086 2448 opperiendum
1123 2385 1281 2433 domui
1321 2382 1607 2444 censebant,
1647 2381 1707 2430 de
1734 2381 1843 2445 ipso

176 2453 389 2503 Thrasea
422 2452 606 2515 eadem,
641 2453 728 2502 sed
755 2453 959 2503 ludibria
992 2462 1038 2502 et
1067 2453 1382 2503 contumelias
1412 2453 1684 2500 imminere:
1733 2448 1842 2498 sub·

175 2522 389 2572 traheret
428 2537 568 2570 aures
595 2523 829 2572 conviciis
861 2530 909 2571 et
946 2523 1154 2587 probris.
1202 2538 1297 2571 non
1332 2522 1485 2570 solum
1513 2519 1844 2570 Cossutianum

176 2599 254 2641 aut
279 2591 477 2656 Eprium
503 2592 562 2641 ad
587 2593 750 2641 scelus
780 2600 1056 2657 promptos:
1093 2607 1355 2656 superesse
1393 2593 1471 2656 qui
1508 2591 1710 2639 forsitan
1746 2603 1842 2637 ma-

138 2677 262 2711 snus
303 2662 521 2726 ictusque
560 2678 649 2726 per
691 2664 1026 2711 immanitatem
1068 2662 1300 2725 ingesturi
1342 2662 1458 2716 sint;
1505 2661 1646 2708 etiam
1686 2658 1842 2706 bonos

177 2738 302 2779 metu
335 2732 487 2795 sequi.
542 2731 817 2780 detraheret
845 2734 1005 2796 potius
1043 2733 1255 2792 senatui,
1295 2745 1433 2795 quem
1462 2727 1841 2793 perornavisset,

180 2799 417 2848 infamiam
439 2803 552 2850 tanti
579 2801 763 2864 flagitii,
793 2808 840 2848 et
864 2801 1162 2865 relinqueret
1183 2801 1412 2848 incertum
1435 2798 1544 2862 quid
1565 2799 1669 2844 viso
1693 2796 1840 2845 Thra·

179 2883 263 2917 sea
292 2883 377 2917 reo
406 2869 647 2919 decreturi
680 2877 843 2934 patres
869 2870 1057 2919 fuerint.
1110 2877 1158 2918 ut
1176 2868 1417 2918 Neronem
1440 2867 1727 2930 flagitiorum
1757 2882 1839 2929 pu·
