1950 3210
40 2462 46 2476 ὴ-
15 2248 55 2453 νεεῑᾰῡζέέἓὰ
23 2140 26 2142 ⁴
30 2115 31 2118 „

579 206 1034 245 COMMENTARIUS
1075 206 1335 244 CRITICUS
1343 233 1354 243 .
1648 208 1685 245 X
1693 207 1810 246 XXV

15 337 21 347 ¹
105 336 391 400 fiterentur);
428 338 625 398 pecunia
665 343 988 383 averterentur
1019 337 1063 383 R
1091 314 1134 382 el
1166 339 1236 396 W,
1275 354 1315 397 p.
1346 344 1628 385 mutarentur
1666 339 1811 385 Victo-

103 411 202 454 rius
232 404 239 471 Ι
274 414 330 458 18
356 408 655 466 tummidium,
682 420 765 452 em.
787 408 872 466 Ri,
900 412 1005 452 ante
1027 421 1156 466 quem
1180 409 1226 452 T.
1248 408 1517 454 Ummidium
1545 409 1776 468 leyebatur
1802 402 1810 473 Ι

104 484 159 528 19
187 479 419 525 armeniae
451 478 573 523 foret

249 545 348 606 46,
393 552 419 598 7
456 547 670 605 cognita,
710 559 795 593 em.
821 546 861 592 L
905 541 912 610 Ι
954 552 983 596 8
1016 544 1269 593 commeatu
1305 545 1665 608 (commeatuum
1697 545 1815 610 aL),-

103 632 205 665 cum
245 620 402 663 totiens
442 619 489 662 in
524 615 649 662 Med.
687 619 1024 662 terminationes
1062 617 1090 662 ὖ
1131 622 1175 662 et
1213 632 1266 663 us
1305 614 1383 677 (ut
1417 631 1454 662 e.
1480 623 1538 665 44
1573 617 1695 663 culti}
1719 632 1813 677 pro

104 687 280 749 cultus)
305 693 386 733 aut
418 683 446 732 ὃ
482 692 526 731 et
558 700 608 731 es
636 686 860 745 confusae
893 689 1006 744 sint,
1037 699 1116 746 eyo
1142 688 1296 732 malim
1333 693 1640 741 commeatus;
1681 703 1722 734 v.
1751 688 1816 733 ad

105 763 176 815 12,
189 763 257 806 20.
292 753 300 818 Ι
331 757 586 806 8dubitare
608 757 747 802 armis
769 753 858 816 quei
876 757 1142 803 incruentas
1176 751 1182 820 Ι
1216 762 1269 806 17
1284 757 1539 803 omissuros
1555 759 1616 803 F.-
1637 758 1808 804 ammis.

242 825 337 884 47,
380 831 409 874 4
444 826 664 872 sacrificii
700 830 907 885 paratum
943 827 1114 886 Psluyk
1151 824 1235 886 (in
1271 826 1440 872 Sched.
1479 830 1583 872 crit.
1617 843 1666 886 p.
1695 825 1810 888 11):

103 896 381 944 sacrificium
415 896 684 954 imperatum
725 892 1031 956 (sacrificium
1068 897 1132 952 A,
1175 896 1453 943 sacrificium
1482 896 1572 942 iam
1603 903 1811 957 paratum

102 967 173 1024 H,
211 966 469 1013 sacrificum
494 970 702 1025 paratum
731 966 826 1019 ΒΖ,
864 971 914 1011 ul
940 967 1143 1012 similiter
1167 971 1220 1024 2,
1249 971 1327 1015 69:
1366 966 1639 1013 sacrificalis
1670 982 1813 1027 appa-

102 1032 257 1096 ratus)
301 1031 311 1100 Ι
351 1040 377 1085 7
409 1035 758 1095 perstringere,
791 1048 874 1081 em.
901 1035 940 1080 L
972 1030 980 1100 Ι
1021 1042 1051 1086 8
1075 1051 1127 1083 se
1154 1037 1261 1081 add.
1288 1036 1390 1087 JG:
1427 1049 1480 1081 se
1506 1037 1724 1083 effuderit
1749 1037 1809 1096 R„

103 1106 293 1164 sanguis
319 1110 446 1151 artus
476 1110 710 1151 extremos
738 1105 840 1150 suff.
874 1105 929 1150 H
953 1100 962 1169 Ι
994 1112 1020 1156 9
1047 1108 1318 1153 archanum:
1349 1110 1583 1152 aeternum
1611 1107 1685 1153 He
1717 1102 1724 1171 Ι
1758 1112 1812 1154 12

103 1176 380 1236 compedes,
410 1187 494 1220 em.
521 1175 559 1219 L
591 1170 599 1237 Ι
632 1180 688 1224 13
712 1188 819 1220 mox
854 1174 984 1233 quia:
1018 1190 1217 1235 moxque
1244 1177 1304 1221 al.
1319 1196 1333 1228 ,·
1363 1178 1406 1221 si
1427 1179 1669 1222 mutatione
1698 1189 1813 1235 opus

102 1247 178 1299 sit,
210 1248 366 1303 potius
397 1245 711 1290 scribendum.-
750 1258 857 1290 mox
882 1245 1049 1304 vulgus
1077 1247 1183 1305 quia
1211 1251 1296 1291 ete.
1341 1241 1349 1307 Ι
1396 1251 1448 1293 14
1474 1252 1662 1292 econtra
1706 1241 1713 1310 Ι
1755 1251 1812 1294 20
1896 1258 1898 1264 ·

103 1316 175 1361 ius
205 1314 386 1362 iurandi

243 1381 338 1442 48,
374 1388 404 1431 4
430 1398 562 1430 omne
593 1385 650 1430 L.-
682 1397 841 1430 omnes
874 1379 884 1450 Ι
915 1390 942 1434 9
968 1385 1190 1443 depulsus
1218 1386 1341 1430 foret
1368 1386 1417 1430 N
1600 1429 1606 1435 ,

243 1451 338 1516 49,
377 1460 396 1501 1
435 1453 622 1512 ignavia
647 1453 725 1500 M.·
757 1454 917 1512 ignaui
963 1450 968 1513 Ι
1012 1460 1039 1503 3
1065 1454 1261 1513 privatis
1291 1456 1400 1501 olim
1427 1457 1810 1502 conuersationes

105 1528 290 1570 curaret
317 1524 472 1582 iners,
505 1536 592 1569 em.
618 1523 657 1569 L
666 1543 682 1576 ,·
719 1538 819 1569 cum
855 1524 1026 1583 privati
1068 1524 1177 1569 olim
1210 1526 1597 1571 conversationes
1626 1531 1813 1572 curaret

106 1598 154 1639 et
176 1594 302 1640 iners
344 1594 408 1640 W
432 1588 439 1656 Ι
471 1597 500 1641 4
523 1594 742 1653 Pelignus
773 1594 859 1640 del.
886 1594 934 1639 F
960 1592 966 1653 Ι
1000 1600 1026 1643 9
1053 1599 1187 1640 aucto
1221 1589 1229 1658 Ι
1263 1599 1318 1641 14
1343 1595 1523 1640 rediret

244 1661 339 1722 50,
378 1668 407 1713 8
433 1664 723 1723 percellunt,
748 1675 832 1708 em.
860 1663 905 1708 R
939 1658 945 1725 Ι
980 1671 1039 1711 10,
1062 1678 1318 1724 quanquam
1360 1658 1367 1727 Ι
1410 1666 1695 1722 bellaturus,
1725 1678 1809 1710 em.

104 1733 149 1779 R
192 1727 200 1797 Ι
244 1731 338 1791 51,
370 1738 399 1781 4
425 1735 626 1792 quatitur
651 1738 809 1779 uterus
836 1733 890 1778 H
915 1729 922 1797 Ι
955 1740 981 1783 9
1008 1733 1243 1780 acinacem
1264 1734 1364 1779 edd.
1399 1729 1407 1797 Ι
1442 1741 1494 1783 11
1524 1735 1583 1780 ad
1611 1735 1811 1781 Hiberos

103 1804 300 1863 patrium
338 1803 386 1848 in
419 1817 455 1848 r.
487 1803 560 1860 H,
598 1804 655 1849 ad
688 1802 889 1849 Hiberos
921 1804 1118 1862 patrium
1159 1819 1196 1849 r.
1223 1805 1323 1855 Bz;
1369 1804 1571 1850 Hiberos
1609 1805 1665 1850 ad
1698 1820 1744 1864 p.
1771 1819 1809 1851 r.

104 1874 306 1918 similiter
328 1873 494 1918 dietum
519 1873 720 1927 videtur,
755 1877 807 1916 ut
829 1878 883 1930 4,
913 1877 967 1922 67
996 1872 1200 1931 Capreas
1238 1887 1290 1919 se
1321 1873 1367 1919 in
1394 1874 1590 1919 insulam
1617 1874 1812 1932 abdidit,

105 1942 158 1988 Η.
179 1947 233 1999 4,
269 1947 325 1990 32
357 1943 524 1988 adlatis
552 1942 800 1988 Geldubam
827 1943 872 1987 in
900 1947 1051 1988 castra
1079 1943 1280 2002 nuntiis,
1315 1956 1402 1989 nec
1423 1944 1663 1989 verisimile
1690 1944 1811 1990 vide-

105 2017 180 2056 tur
208 2011 438 2067 Tacitum,
473 2014 564 2056 nisi
589 2012 739 2057 addito
773 2013 831 2057 ad
862 2025 904 2070 p.
933 2025 1152 2070 regnum,
1190 2013 1418 2059 dicturum
1439 2013 1588 2072 fuisse
1612 2013 1811 2060 Hiberos

105 2081 343 2141 pervadit,
388 2083 497 2140 quia
536 2083 703 2126 omissa
735 2083 1080 2140 praepositione
1109 2084 1358 2128 sententiae
1392 2084 1459 2128 vis
1490 2084 1772 2128 immutatur.
1800 2076 1809 2147 Ι

107 2156 161 2199 12
186 2151 340 2197 eluvie
369 2151 407 2197 G
1051 2155 1058 2166 ‘

246 2217 340 2280 52,
378 2227 407 2270 3
430 2221 568 2268 Vibia
595 2220 691 2265 He.-
719 2220 844 2266 uiuia
879 2218 885 2277 Ι
918 2226 944 2269 9
972 2221 1105 2266 Italia
1129 2221 1226 2266 Pu.-
1262 2222 1325 2267 ita

246 2287 339 2348 53,
378 2296 406 2339 3
430 2291 678 2350 prolapsa,
705 2303 790 2335 em.
816 2291 868 2335 H
897 2284 904 2354 Ι
939 2298 988 2338 11
1020 2304 1129 2336 aere
1153 2304 1239 2336 om.
1271 2293 1319 2336 in
1345 2293 1512 2336 lacuna

246 2357 335 2417 54,
373 2366 401 2409 3
434 2360 655 2420 patientia
707 2354 715 2423 Ι
762 2364 791 2406 4
833 2361 874 2404 Λ
913 2361 1127 2405 lacunam
1161 2366 1270 2419 post
1309 2360 1543 2408 seditione
1585 2360 1811 2413 indicavit,

54 2438 70 2476 2'
106 2430 272 2474 rectius
300 2429 366 2475 He
389 2435 498 2488 post
523 2435 792 2489 postquam,
819 2431 899 2488 qui
920 2442 982 2474 ex
1005 2429 1123 2475 Hist.
1155 2434 1210 2488 5,
1234 2433 1262 2476 9
1288 2432 1534 2488 supplevit.-
1568 2434 1811 2488 postquam

64 2504 66 2506 ’
110 2493 154 2558 [a
196 2497 243 2543 C.
285 2498 485 2545 Caesare
526 2499 643 2543 iussi
681 2504 812 2545 erant
850 2499 1054 2557 effigiem
1088 2499 1189 2544 eius
1227 2501 1274 2545 in
1311 2501 1483 2559 templo
1524 2500 1711 2551 locare;
1768 2503 1813 2543 et

109 2566 401 2630 quamquam]
441 2568 627 2627 cognita
660 2570 803 2614 caede
830 2573 911 2613 ete.
958 2568 964 2625 Ι
1009 2574 1038 2617 8
1077 2569 1276 2616 Cumano
1312 2583 1398 2615 om.
1427 2571 1473 2614 in
1499 2569 1665 2614 lacuna
1709 2562 1717 2631 Ι
1758 2575 1814 2616 10

39 2636 70 2702 „J
111 2639 386 2698 contemptuj
422 2632 430 2702 Ι
461 2643 517 2685 22
545 2638 875 2696 damnatosque
903 2672 913 2682 .
942 2672 952 2682 .
983 2652 1200 2685 cumanos

246 2704 341 2767 55,
385 2713 414 2756 2
453 2708 728 2754 Troxoboro
764 2707 861 2764 He,
895 2712 944 2751 ut
976 2708 1076 2752 cod.
1117 2721 1157 2752 v.
1200 2711 1258 2753 11
1291 2707 1426 2752 habet
1464 2701 1471 2770 Ι
1513 2713 1569 2755 10
1606 2707 1767 2753 fraude
1803 2703 1810 2770 Ι

247 2773 340 2836 56,
367 2783 397 2826 4
420 2783 545 2824 trans
580 2776 759 2823 Urlichs
786 2773 861 2835 (ut
890 2781 957 2821 est
978 2778 1024 2821 in
1053 2790 1172 2822 mon.
1201 2777 1375 2836 Aneyr.
1403 2776 1493 2821 tab.
1518 2781 1573 2835 4,
1598 2775 1708 2838 43):
1745 2778 1812 2822 cis

112 2839 260 2904 (circa
294 2847 339 2893 C.
378 2847 428 2892 T.
461 2847 647 2906 Zumpt,
684 2845 886 2891 Tiberim
913 2846 1039 2892 iuxta
1065 2846 1139 2892 Bz
1166 2848 1266 2892 coll.
1295 2850 1348 2904 2,
1389 2842 1504 2907 41)‚·
1549 2846 1614 2905 cf.
1641 2846 1813 2892 deloco

110 2915 240 2959 etiam
262 2915 316 2960 Α.
354 2917 425 2963 W.
453 2916 619 2975 Zumpt
649 2917 713 2960 ad
743 2929 860 2961 mon.
893 2915 1009 2961 Ane.
1034 2930 1083 2974 p.
1112 2919 1175 2962 77
1198 2929 1265 2975 sq.
1301 2911 1308 2979 Ι
1342 2922 1367 2964 5
1393 2921 1572 2961 centum
1600 2916 1812 2961 triremes

1402 2981 1473 3029 c*
