1976 3224
247 171 321 221 96
670 181 942 220 CORNELII
970 181 1167 219 'rAcrrI
1196 182 1498 220 ANNALIUM

255 325 347 374 qua
374 316 658 373 tempestate
690 309 845 370 Cotye
874 309 1063 374 [fratre]
1090 309 1347 357 interfecto
1378 309 1553 357 bellum
1575 310 1808 358 adversus
1834 322 1924 356 nos

254 379 489 427 volverat.
534 379 679 441 igitur
705 394 828 443 aqua
854 387 900 426 et
936 380 1034 442 igni
1071 378 1372 427 interdictum
1407 394 1538 439 reo,·
1559 378 1924 443 adpositumque

196 465 239 498 10
256 457 306 497 ut
332 456 577 497 teneretur
604 449 756 497 insula
781 464 938 513 neque
963 448 1280 517 Macedoniae
1302 463 1459 513 neque
1489 448 1754 497 Thraeciae
1781 462 1925 510 opor·

253 527 381 567 tuna.
432 533 539 567 nam
566 517 805 566 Thraecia
833 519 986 566 diviso
1013 519 1216 582 imperio
1248 519 1295 566 in
1319 517 1702 567 Rhoemetalcen
1730 525 1782 565 et·
1805 516 1924 564 libe·-

252 602 336 636 ros
364 587 560 651 CotyiS,
589 590 693 652 quis
720 588 782 636 ob
807 588 1050 637 infantiam
1081 595 1207 638 tutor
1247 595 1350 636 erat
1386 587 1721 636 Trebellienus
1758 586 1928 647 Rufus,

253 658 511 706 insolentia
545 659 697 705 nostri
733 657 923 706 discors
963 657 1139 720 agebat
1172 673 1332 721 neque
1367 658 1521 706 minus
1545 655 1931 707 Rhoemetalcen

255 742 395 791 quam
451 725 808 775 Trebellienum
860 728 1086 776 incusans
1134 727 1438 792 popularium
1500 728 1696 776 iniurias
1754 725 1928 774 inultas

199 811 239 844 15
255 799 430 846 sinere.
516 794 800 845 Coelaletae
844 796 1159 861 Odrusaeque
1206 805 1255 846 et
1296 796 1399 860 Dii,
1452 796 1642 846 validae
1692 797 1929 857 natione5‚

254 881 382 916 arma
413 881 620 930 cepere,
658 866 858 915 ducibus
884 867 1088 915 diversis
1115 875 1163 915 et
1190 866 1383 931 paribus
1417 867 1543 915 inter
1577 882 1631 915 se
1667 881 1758 930 per
1792 865 1929 929 igno-

252 936 506 992 bilitatem;
545 950 668 999 quae
701 951 848 984 causa
885 937 972 985 fuit
1007 952 1068 984 ne
1106 939 1153 985 in
1183 936 1363 986 bellum
1396 944 1539 985 atrox
1576 935 1929 986 coalescerent.

254 1022 365 1070 pars
394 1005 585 1053 turbant
611 1007 916 1069 praesentia,
944 1005 1024 1054 alii
1058 1014 1269 1055 montem
1304 1005 1534 1055 Haemum
1570 1004 1928 1068 transgrediun-

252 1084 343 1136 tur,
373 1082 420 1122 ut
444 1082 661 1123 remotos
685 1075 896 1139 populos
925 1077 1196 1132 concirent:
1235 1076 1424 1139 plurimi
1461 1091 1519 1123 ac
1553 1076 1761 1124 maxime
1801 1089 1929 1124 com-

195 1157 236 1189 20
255 1145 400 1208 positi
428 1159 597 1206 regem
630 1144 894 1209 urbemque
923 1145 1326 1210 Philippopolim,
1353 1160 1380 1195 a
1404 1144 1675 1194 Macedone
1702 1143 1927 1209 Philippo

253 1216 408 1274 sitam,
440 1214 797 1262 circumsidunt.

357 1283 441 1333 39.
481 1283 618 1343 Quae
652 1283 734 1331 ubi
771 1284 967 1346 cognita
1000 1283 1053 1332 Ρ.
1083 1283 1289 1332 Vellaeo
1318 1285 1396 1347 (is
1434 1285 1704 1349 proximum
1742 1284 1929 1332 exerci-

251 1361 348 1401 tum
383 1352 757 1417 praesidebat),
786 1353 965 1402 alarios
1003 1355 1191 1418 equites
1229 1369 1287 1402 ac
1325 1354 1448 1402 levis
1490 1353 1757 1403 cohortium
1794 1353 1933 1402 mittit

252 1423 299 1470 in
327 1436 414 1470 eos
444 1423 524 1486 qui
566 1422 894 1486 praedabundi
928 1431 1008 1472 aut
1043 1423 1347 1472 adsumendis
1390 1423 1580 1473 auxiliis
1613 1422 1929 1487 vagabantur,

252 1493 359 1556 ipse
385 1491 534 1540 robur
564 1492 777 1556 peditum
805 1492 864 1541 ad
901 1493 1249 1541 exsolvendum
1287 1492 1523 1542 obsidium
1559 1492 1704 1541 ducit.
1774 1491 1930 1540 simul·

213 1577 348 1625 5que
386 1568 556 1610 cuncta
596 1576 837 1626 prospere
877 1569 1008 1623 acta,
1056 1563 1214 1610 caesis
1260 1561 1630 1627 populatoribus
1666 1569 1715 1611 et
1747 1561 1929 1610 dissen-

252 1633 390 1679 sione
419 1639 523 1679 orta
562 1631 688 1696 apud
724 1632 1004 1680 obsidentes
1040 1633 1272 1696 regisque
1317 1639 1555 1694 oportuna
1593 1633 1847 1695 eruptione
1884 1637 1932 1679 et

252 1699 459 1748 adventu
486 1701 711 1762 legionis,
768 1716 926 1766 neque
951 1702 1103 1750 aciem
1130 1709 1208 1749 aut
1236 1701 1466 1765 proelium
1495 1701 1590 1750 dici
1615 1701 1857 1762 decuerit,
1885 1701 1932 1748 in

253 1783 346 1833 quo
375 1770 597 1817 semermi
624 1785 682 1818 ac
708 1771 926 1834 palantes
954 1770 1174 1819 trucidati
1201 1779 1309 1819 sunt
1335 1771 1436 1819 sine
1473 1777 1640 1820 nostro
1677 1771 1929 1833 sanguine.

355 1839 442 1888 40.
492 1838 679 1888 Eodem
715 1854 840 1888 anno
886 1838 1148 1888 Galliarum
1187 1841 1407 1889 civitates
1454 1839 1516 1888 ob
1559 1839 1931 1902 magnitudinem

253 1910 381 1958 aeris
409 1908 553 1957 alieni
583 1908 903 1958 rebellionem
932 1917 1246 1974 coeptavere,
1279 1910 1413 1958 cuius
1433 1908 1771 1960 ,exstimulator
1797 1923 1929 1958 acer·

251 1981 397 2028 rimus
432 1979 556 2027 inter
582 1978 827 2028 Treveros
863 1978 1010 2028 Iulius
1037 1978 1242 2041 FloruS,
1282 1978 1408 2043 apud
1432 1978 1632 2027 Aeduos
1664 1977 1814 2027 Iulius
1846 1978 1929 2026 Sa-

254 2049 432 2097 crovir.
488 2047 714 2098 nobilitas
747 2048 979 2098 ambobus
1032 2056 1079 2097 et
1113 2051 1344 2097 maiorum
1390 2049 1519 2098 bona
1569 2049 1725 2109 facta,
1771 2061 1930 2110 eoque

212 2119 467 2171 5Romana
506 2119 672 2167 civitas
711 2118 825 2167 olim
861 2119 996 2181 data,
1043 2134 1151 2166 cum
1197 2118 1245 2166 id
1292 2133 1451 2167 rarum
1496 2133 1588 2166 nec
1631 2118 1723 2166 nisi
1770 2116 1932 2164 virtuti

251 2189 458 2252 pretium
498 2195 645 2236 esset.
707 2189 739 2235 ii
785 2188 991 2237 secretis
1041 2188 1340 2252 conloquiis,
1384 2187 1690 2236 ferocissimo
1737 2200 1931 2250 quoque

253 2256 505 2320 adsumpto
549 2265 628 2305 aut
663 2257 833 2320 quibus
881 2257 943 2306 ob
984 2264 1253 2320 egestatem
1299 2273 1356 2307 ac
1399 2264 1574 2305 metum
1625 2271 1688 2304 ex
1737 2255 1929 2318 flagitiis

250 2327 455 2376 maxima
483 2327 720 2389 peccandi
746 2323 1074 2389 necessitudo,
1103 2335 1395 2391 componunt
1419 2325 1591 2375 Florus
1620 2324 1817 2388 Belgas,
1843 2324 1927 2372 Sa-

255 2395 417 2443 crovir
441 2397 702 2459 propiores
730 2395 896 2444 Gallos
935 2397 1143 2443 concire.
1206 2397 1349 2458 igitur
1392 2410 1479 2458 per
1523 2393 1844 2443 conciliabula
1883 2400 1932 2441 et

195 2484 237 2518 10
256 2471 425 2512 coetus
472 2464 701 2528 seditiosa
752 2464 1055 2522 disserebant
1108 2465 1167 2513 de
1222 2465 1578 2513 continuatione
1624 2462 1927 2524 tributorum,

251 2536 489 2597 gravitate
514 2534 743 2597 faenoris,
771 2534 970 2582 saevitia
998 2549 1055 2581 ac
1082 2534 1308 2597 superbia
1331 2532 1729 2598 praesidentium;
1759 2540 1806 2581 et
1836 2532 1926 2581 dis-

253 2604 455 2652 cordare
497 2603 694 2651 militem
738 2603 898 2653 audito
953 2602 1221 2652 Germanici
1265 2604 1429 2652 exitio,
1500 2602 1750 2665 egregium
1793 2618 1926 2651 resu-
1974 2614 1976 2619 ¹

250 2673 452 2722 mendae
479 2673 686 2721 libertati
713 2681 900 2737 tempus
919 2711 932 2735 ,
961 2674 1000 2720 si
1026 2675 1119 2737 ipsi
1147 2674 1403 2735 florenteS,
1441 2686 1580 2736 quam
1605 2672 1746 2736 inops
1770 2669 1923 2733 Italia,
1972 2703 1976 2731 4

254 2757 392 2805 quam
420 2742 612 2791 inbellis
641 2743 818 2791 urbana
845 2743 1036 2807 plebes,
1068 2743 1183 2792 nihil
1215 2743 1418 2791 validum
1445 2742 1491 2788 in
1513 2740 1808 2791 exercitibus
1834 2741 1926 2790 nisi
1970 2767 1972 2770 ·

198 2828 235 2862 15
256 2813 382 2874 quod
413 2819 676 2874 externum,
706 2813 991 2874 cogitarent.

355 2883 439 2928 41.
474 2881 610 2929 Haud
636 2881 788 2929 ferme
816 2882 912 2929 ulla
939 2883 1107 2930 civitas
1132 2884 1307 2930 intacta
1333 2878 1591 2928 seminibus
1630 2881 1731 2929 eius
1767 2887 1922 2929 motus
