1976 3224
576 191 749 229 mssfflz
776 192 893 230 xvr.
935 192 1059 229 GAP.
1093 190 1295 234 14—18.
1702 181 1804 232 323

251 321 328 368 17.
374 319 561 367 Paucos
599 319 779 382 quippe
827 319 947 367 intra
992 318 1094 367 dies
1134 320 1304 368 eodem
1349 320 1540 382 agmine
1578 318 1806 368 Annaeus

142 389 290 452 Mela,
322 386 525 437 Cerialis
554 387 770 449 Anicius,
801 387 994 435 Rufrius
1021 387 1284 452 CrispinuS,
1314 387 1368 437 C.
1396 389 1650 437 Petronius
1679 390 1805 437 ceci·

141 460 284 520 dere,
310 457 438 506 Mela
464 465 512 506 et
538 455 788 522 Crispinus
823 458 1009 521 equites
1036 457 1236 507 Romani
1278 458 1509 520 dignitate
1544 459 1805 507 senatoria.

141 543 246 577 nam
281 527 360 575 hic
387 526 623 591 quondam
660 526 939 591 praefectus
971 529 1204 591 praetorii
1240 535 1288 576 et
1327 527 1660 576 consularibus
1695 527 1806 576 insi-

139 597 313 662 gnibus
353 595 554 644 donatus
580 611 637 644 ac
663 611 816 660 nuper
856 597 1053 644 crimine
1089 598 1435 646 coniurationis
1464 599 1511 645 in
1538 597 1806 646 Sardiniam
1825 612 1846 644 5

141 673 359 727 exactus,
386 673 592 731 accepto
622 666 780 714 iussae
806 663 972 714 mortis
999 668 1163 714 nuntio
1189 673 1343 715 semet
1367 666 1627 715 interfecit.
1661 666 1805 729 Mela,

141 735 311 800 quibus
338 732 493 784 Gallio
524 741 572 783 et
599 735 789 783 Seneca
817 735 1096 798 parentibus
1123 743 1284 798 natuS,
1314 737 1546 800 petitione
1572 735 1809 784 hon‘orum

140 805 436 854 abstinuerat
460 819 550 868 per
575 803 878 852 ambitionem
905 812 1289 869 praeposteram,
1316 812 1366 853 ut
1392 820 1544 869 eques
1563 805 1807 854 Romanus

143 872 476 924 consularibus
509 874 725 937 potentia
760 880 1072 937 aequaretur;
1123 873 1262 922 simul
1300 873 1625 938 adquirendae
1662 889 1806 938 pecu·

142 946 248 993 niae
282 943 478 991 brevius
511 943 603 990 iter
639 941 868 990 credebat
903 957 992 1006 per
1032 944 1399 1007 procurationes
1427 943 1866 993 administrandism

144 1013 374 1078 principis
396 1011 621 1073 negotiis.
679 1010 804 1059 idem
824 1010 1074 1060 Annaeum
1092 1012 1330 1061 Lucanum
1350 1020 1601 1076 genuerat,
1625 1013 1810 1075 grande

142 1081 459 1131 adiumentum
487 1080 794 1128 claritudinis,
850 1095 944 1144 quo
979 1081 1236 1130 interfecto
1268 1082 1376 1130 dum
1402 1097 1504 1130 rem
1529 1082 1811 1131 familiarem

142 1152 245 1200 eius
269 1150 446 1198 acriter
471 1150 687 1213 requirit,
715 1157 1048 1198 accusatorem
1078 1152 1288 1198 concivit
1309 1151 1508 1199 Fabium
1527 1152 1808 1214 Romanum,

143 1236 205 1269 ex
230 1220 403 1267 intimis
428 1218 605 1267 Lucani
639 1219 818 1268 amiciS.
876 1220 1020 1267 mixta
1056 1220 1178 1267 inter
1216 1227 1399 1284 patrem
1429 1220 1668 1284 filiumque
1696 1235 1808 1270 con-

141 1289 392 1339 iurationis
434 1288 636 1336 scientia
677 1289 894 1351 fingitur,
941 1288 1217 1337 adsimilatis
1252 1289 1428 1339 Lucani
1465 1290 1645 1338 literis:
1688 1304 1805 1354 quas
1827 1304 1866 1337 15

141 1361 386 1423 inspectas
423 1357 554 1406 Nero
596 1357 713 1405 ferri
751 1357 810 1405 ad
834 1372 939 1406 eum
965 1358 1126 1420 iussit,
1167 1358 1339 1423 opibus
1376 1360 1475 1407 eius
1512 1358 1713 1408 inhians·
1765 1366 1813 1408 at

141 1427 295 1490 Mela,
350 1442 472 1491 quae
507 1433 600 1474 tum
640 1428 993 1491 promptissima
1026 1429 1192 1476 mortis
1233 1429 1334 1490 via,
1390 1428 1603 1477 exsolvit
1645 1443 1810 1492 venaS,

143 1498 336 1560 scriptis
379 1495 617 1549 codicillis
653 1496 824 1560 quibus
867 1496 1099 1560 grandem
1139 1498 1392 1561 pecuniam
1439 1498 1487 1545 in
1524 1497 1811 1560 Tigellinum

142 1580 471 1631 generumque
508 1566 610 1613 eius
638 1564 973 1623 Cossutianum
1002 1564 1285 1629 Capitonem
1314 1566 1570 1629 erogabat,
1610 1581 1704 1631 quo
1732 1583 1808 1617 ce·

141 1644 244 1684 tera
264 1641 525 1683 manerent.
579 1634 764 1683 additur
785 1635 1039 1697 codicilliS‚
1067 1642 1303 1699 tamquam
1325 1636 1384 1684 de
1407 1635 1654 1700 iniquitate
1677 1637 1809 1685 exitii
1825 1651 1867 1685 20

142 1719 350 1769 querens
386 1705 449 1752 ita
474 1703 778 1766 scripsisset,
816 1719 870 1753 se
899 1704 1090 1768 quidem
1114 1706 1237 1753 mori
1270 1705 1413 1753 nullis
1448 1705 1672 1770 supplicii
1700 1721 1808 1755 cau-

142 1776 234 1836 sis,
273 1773 489 1821 Rufrium
526 1780 680 1822 autem
708 1771 978 1837 Crispinum
1006 1781 1053 1821 et
1080 1773 1301 1822 Anicium
1329 1772 1569 1823 Cerialem
1596 1775 1692 1824 vita
1717 1775 1810 1823 frui

143 1843 361 1891 infensos
389 1842 610 1905 principi.
662 1857 784 1906 quae
823 1844 1091 1906 composita
1119 1843 1440 1893 credebantur
1475 1844 1534 1893 de
1565 1842 1808 1909 Crispino,

144 1912 251 1976 quia
290 1910 572 1959 interfectus
609 1917 739 1973 erat,
779 1911 838 1959 de
879 1910 1098 1974 Ceriale,
1145 1919 1194 1959 ut
1231 1913 1598 1962 interficeretur.
1651 1929 1809 1978 neque

143 1981 265 2031 enim
295 1979 442 2027 multo
471 1987 581 2044 post
609 1981 703 2028 vim
730 1979 820 2028 sibi
845 1980 1024 2043 attulit,
1058 1982 1241 2029 minore
1267 1997 1408 2046 quam
1439 1983 1589 2030 ceteri
1615 1984 1808 2032 misera·
1825 1998 1868 2032 25

142 2052 300 2111 tione,
340 2050 448 2114 quia
485 2048 722 2113 proditam
750 2048 869 2099 Gaio
898 2047 1094 2098 Caesari
1123 2051 1502 2100 coniurationem
1541 2050 1600 2100 ab
1629 2066 1687 2099 eo
1714 2067 1809 2100 me-

143 2121 390 2168 minerant.

254 2187 332 2237 18.
371 2187 445 2236 De
483 2186 536 2237 C.
576 2189 803 2237 Petronio
844 2203 996 2253 pauca
1035 2204 1181 2252 supra
1219 2190 1485 2254 repetenda
1531 2197 1653 2238 sunt.
1705 2205 1811 2238 nam

144 2259 211 2307 illi
258 2257 362 2306 dies
408 2272 494 2321 per
541 2272 782 2318 somnum,
836 2272 933 2305 nox
974 2258 1147 2306 officiis
1187 2266 1234 2307 et
1274 2258 1640 2308 oblectamentis
1683 2260 1811 2308 vitae

143 2326 520 2388 transigebatur;
560 2334 701 2390 utque
741 2327 862 2374 alios
902 2326 1156 2390 industria,
1198 2329 1259 2376 ita
1285 2328 1410 2377 hunc
1437 2329 1627 2392 ignavia
1656 2328 1715 2377 ad
1741 2329 1810 2377 fa-

143 2411 262 2443 mam
295 2395 590 2459 protulerat,
627 2395 987 2459 habebaturque
1025 2411 1117 2443 non
1144 2412 1306 2459 ganeo
1338 2405 1386 2445 et
1415 2399 1723 2462 profligator,
1761 2404 1811 2444 ut

145 2465 365 2530 plerique
391 2479 475 2512 sua
496 2464 823 2527 haurientium,
853 2465 940 2512 sed
966 2464 1152 2513 erudito
1181 2466 1308 2513 luxu.
1359 2481 1416 2514 ac
1439 2467 1564 2514 dicta
1583 2466 1806 2529 factaque
1827 2486 1847 2517 5

143 2535 246 2582 eius
283 2540 457 2597 quanto
496 2533 727 2582 solutiora
763 2541 812 2582 et
850 2534 1080 2598 quandam
1119 2535 1191 2582 sui
1234 2534 1592 2597 neglegentiam
1620 2534 1809 2598 praefe-

143 2604 321 2664 rentia,
366 2609 495 2650 tanto
532 2604 714 2664 gratius
755 2604 800 2650 in
829 2604 1042 2666 speciem
1076 2603 1392 2666 simplicitatis
1432 2603 1807 2667 accipiebantur.

145 2686 232 2736 pro
273 2671 472 2719 consule
512 2678 667 2719 tamen
703 2671 952 2732 Bithyniae
990 2680 1037 2720 et
1065 2686 1179 2720 mox
1206 2673 1375 2720 consul
1403 2673 1644 2735 vigentem
1670 2687 1725 2719 se
1752 2687 1809 2720 ac

145 2754 309 2804 parem
345 2740 556 2803 negotiis
589 2740 812 2789 ostendit.
864 2740 971 2788 dein
1004 2741 1251 2789 revolutus
1286 2741 1344 2789 ad
1372 2742 1509 2803 vitia,
1552 2756 1638 2789 seu
1669 2741 1807 2789 vitio-

143 2825 244 2858 rum
281 2810 569 2872 imitatione,
610 2810 733 2857 inter
771 2823 951 2873 paucos
987 2810 1285 2858 familiarium
1310 2810 1491 2858 Neroni
1534 2810 1807 2873 adsumptus
1828 2830 1867 2862 ιο

144 2886 240 2942 est,
269 2879 540 2942 elegantiae
568 2878 774 2939 arbiter,
803 2878 910 2926 dum
936 2878 1049 2926 nihil
1077 2893 1326 2927 amoenum
1352 2887 1399 2927 et
1417 2879 1570 2996 {nlolle
1599 2879 1807 2927 adfluen-
