1976 3224
245 197 343 246 166
693 208 966 246 CORNELII
989 210 1184 247 ΤΑοιτι
1207 211 1511 250 ANNALmM

347 333 571 384 Ceterum
604 337 907 401 Agrippinae
939 339 1195 402 pernicies,
1226 339 1352 403 quod
1376 340 1455 387 vix
1486 339 1742 407 credibile,
1769 340 1907 390 Plan-

239 405 393 454 cinam
427 409 585 454 traxit.
650 415 796 470 nupta
837 407 948 454 olim
985 406 1071 455 Cn.
1106 409 1268 456 Pisoni
1305 416 1352 457 et
1391 408 1547 473 palam
1590 409 1718 459 laeta
1753 419 1907 460 morte

239 474 533 540 Germanici,
566 491 670 523 cum
698 476 808 524 Piso
843 476 1062 538 caderet,
1096 478 1322 542 precibus
1347 478 1594 541 Augustae
1629 494 1721 527 nec
1755 481 1907 528 minus

236 545 495 593 inimicitiis
532 546 836 610 Agrippinae
867 546 1064 595 defensa
1102 555 1220 596 erat.
1274 557 1324 596 ut
1361 548 1518 596 odium
1554 556 1602 597 et
1635 549 1788 612 gratia
1827 549 1906 598 de·

183 637 219 670 15
238 616 380 677 siere,
408 616 481 663 ius
511 615 683 672 valuit;
712 618 958 680 petitaque
986 617 1261 665 criminibus
1286 617 1410 666 haud
1435 618 1630 681 ignotiS,
1661 633 1746 668 sua
1771 633 1910 668 manu

236 700 345 733 sera
373 687 527 748 magis
555 701 692 750 quam
721 687 937 733 inmerita
964 687 1200 751 supplicia
1228 687 1477 752 persolvit.

178 761 233 806 27
343 754 425 804 33.
465 755 557 803 Tot
583 755 790 803 luctibus
819 755 1007 804 funesta
1037 757 1229 805 civitate
1258 773 1370 821 pars
1395 759 1628 806 maeroris
1650 758 1751 820 fuit,
1781 758 1909 822 quod

235 824 354 872 Iulia
379 824 522 873 Drusi
551 824 662 887 filia,
687 825 928 889 ‘quondam
961 825 1170 874 Neronis
1198 842 1344 889 uxor,
1383 827 1604 891 denupsit
1637 828 1684 874 in
1721 827 1909 875 domum

234 893 447 943 Rubellii
498 894 690 957 Blandi,
739 897 870 943 cuius
915 911 1054 943 avum
1100 895 1343 944 Tiburtem
1391 897 1598 960 equitem
1643 896 1909 946 Romanum

237 964 457 1028 plerique
484 966 810 1012 meminerant.
865 972 1079 1013 extremo
1103 967 1209 1013 anni
1233 981 1363 1014 mors
1388 965 1513 1014 Aelii
1531 965 1719 1014 Lamiae
1740 967 1909 1015 funere

194 1056 214 1087 5
239 1036 463 1082 censorio
502 1033 773 1097 celebrata,
813 1036 891 1099 qui
927 1034 1323 1083 administrandae
1359 1037 1526 1084 Suriae
1565 1037 1771 1098 imagine
1811 1044 1907 1084 tan-

236 1104 342 1152 dem
371 1105 620 1152 exsolutus
661 1103 764 1152 urbi
803 1104 1092 1168 praefuerat.
1158 1120 1312 1168 genus
1347 1105 1414 1153 illi
1458 1105 1714 1167 decorum,
1751 1105 1908 1155 vivida

235 1182 482 1229 senectus;
525 1182 571 1222 et
615 1188 710 1221 non
751 1176 984 1238 permissa
1026 1177 1273 1239 provincia
1299 1175 1620 1238 dignationem
1646 1174 1906 1224 addiderat.

237 1245 361 1291 exim
387 1243 567 1292 Flacco
594 1244 862 1308 Pomponio
891 1245 1058 1293 Suriae
1086 1260 1176 1309 pro
1204 1252 1432 1310 praetore
1452 1244 1680 1294 defuncto
1705 1246 1908 1293 recitan-

235 1321 310 1361 tur
348 1312 572 1362 Caesaris
610 1314 806 1377 literae,
857 1317 962 1377 quis
1011 1315 1258 1363 incusabat
1306 1316 1555 1377 egregium
1594 1330 1827 1379 quemque
1862 1322 1910 1362 et

180 1404 218 1437 10
238 1383 467 1446 regendis
510 1383 803 1432 exercitibus
839 1384 1062 1432 idoneum
1098 1384 1308 1433 abnuere
1346 1384 1392 1432 id
1433 1400 1625 1448 munus,
1665 1399 1815 1448 seque
1853 1398 1908 1433 ea

238 1453 592 1502 necessitudine
631 1453 689 1502 ad
726 1469 903 1535 preces
941 1457 1080 1517 cogi,
1131 1470 1218 1519 per
1263 1470 1381 1518 quas
1410 1455 1731 1503 consularium
1765 1454 1909 1535 aliqui

237 1539 498 1588 capessere
527 1525 806 1594 provincias
833 1524 1167 1587 adigerentur,
1210 1524 1386 1572 oblitus
1424 1524 1725 1586 Arruntium,
1764 1538 1823 1572 ne
1862 1526 1909 1572 in

232 1593 509 1657 Hispaniam
536 1602 787 1658 pergeret,
821 1594 1068 1642 decumum
1098 1596 1188 1642 iam
1216 1609 1384 1642 annum
1415 1595 1618 1642 attineri.
1673 1594 1790 1642 obiit
1827 1608 1906 1643 eo-

235 1664 340 1712 dem
370 1679 492 1711 anno
521 1671 569 1711 et
595 1663 677 1712 Μ’.
704 1664 930 1728 lepidus,
960 1664 1018 1712 de
1048 1667 1178 1712 cuius
1204 1664 1533 1713 moderatione
1557 1671 1698 1729 atque
1720 1666 1908 1729 sapien·

178 1748 217 1781 ιε
235 1735 298 1782 tia
325 1734 371 1780 in
404 1724 649 1796 prioribus
676 1733 812 1781 libris
841 1735 959 1781 satis
993 1735 1263 1783 conlocavi
1309 1750 1463 1798 neque
1492 1734 1716 1783 nobilitas
1738 1734 1910 1782 diutius

235 1802 606 1851 demonstranda
645 1811 743 1851 est:
783 1805 963 1868 quippe
1006 1804 1261 1853 Aemilium
1292 1819 1447 1868 genus
1478 1804 1731 1853 fecundum
1759 1803 1908 1853 bono·

234 1888 333 1920 rum
363 1873 563 1936 civium,
603 1880 650 1920 et
677 1874 755 1936 qui
785 1873 953 1921 eadem
977 1874 1153 1923 familia
1181 1876 1420 1938 corruptis
1450 1874 1688 1938 moribus,
1724 1874 1910 1922 inlustri

235 1950 393 1991 tamen
420 1942 610 1990 fortuna
638 1958 806 2005 egere.
1518 1968 1520 1970 v

174 2014 231 2059 28
342 2012 425 2062 34.
465 2012 615 2061 Paulo
643 2011 795 2060 Fabio
824 2013 875 2061 L.
902 2013 1101 2061 Vitellio
1135 2014 1413 2063 consulibus
1443 2022 1554 2078 post
1581 2014 1776 2076 longum
1804 2027 1908 2060 sae-

236 2082 452 2130 culorum
489 2081 712 2130 ambitum
752 2084 854 2131 avis
890 2082 1102 2146 phoenix
1139 2086 1184 2131 in
1212 2084 1490 2149 Aegyptum
1517 2084 1645 2131 venit
1672 2081 1909 2146 praebuit-

236 2167 328 2216 que
368 2153 617 2200 materiem
660 2152 952 2200 doctissimis
992 2152 1318 2216 indigenarum
1362 2161 1408 2201 et
1445 2153 1737 2203 Graecorum
1766 2151 1910 2200 multa

236 2237 384 2286 super
412 2237 471 2270 eo
503 2222 737 2270 miraculo
766 2221 1054 2270 disserendi.
1108 2224 1167 2271 de
1202 2223 1371 2288 quibus
1402 2230 1670 2285 congruunt
1700 2229 1747 2270 et
1775 2221 1909 2285 plura

197 2290 483 2354 5ambigua,
525 2291 613 2338 sed
651 2294 847 2354 cognitu
884 2306 978 2340 non
1013 2292 1217 2342 absurda
1261 2307 1485 2357 promere
1524 2291 1656 2340 libet.
1725 2306 1911 2339 sacrum

234 2360 338 2408 Soli
365 2359 411 2407 id
439 2361 610 2408 animal
640 2369 687 2408 et
715 2376 801 2409 ore
830 2375 887 2409 ac
924 2361 1146 2411 distinctu
1183 2364 1428 2426 pinnarum
1464 2376 1490 2409 a
1535 2362 1709 2409 ceteris
1745 2360 1911 2409 avibus

235 2429 477 2479 diversum
505 2431 810 2478 consentiunt
837 2433 913 2494 qui
939 2431 1140 2479 formam
1175 2433 1277 2479 eius
1312 2432 1572 2479 effinxere:
1613 2430 1672 2479 de
1713 2443 1908 2477 numero

236 2514 465 2549 annorum
509 2501 638 2547 varia
677 2500 940 2548 traduntur.
1006 2503 1208 2550 maxime
1253 2501 1495 2563 vulgatum
1545 2501 1909 2563 quingentorum

236 2571 465 2634 spatium:
508 2577 615 2617 sunt
651 2571 730 2633 qui
770 2570 1058 2625 adseverent
1091 2571 1220 2619 mille
1251 2570 1627 2634 quadringentos
1660 2570 1911 2630 sexaginta

176 2654 218 2688 ιο
236 2655 377 2688 ιιιιιιιιι
408 2639 614 2702 interici,
649 2641 936 2703 prioresque
966 2641 1087 2688 alios
1126 2649 1228 2689 tres
1263 2639 1494 2689 Sesoside
1533 2640 1756 2703 primum,
1802 2645 1910 2700 post

237 2708 466 2757 Amaside
496 2708 867 2770 dominantibuS,
899 2709 1008 2757 dein
1041 2710 1339 2771 Ptolemaeo,
1372 2710 1450 2773 qui
1479 2724 1539 2756 ex
1565 2707 1908 2756 Macedonibus

235 2780 402 2826 tertius
445 2780 693 2841 regnavit,
732 2780 780 2826 in
810 2779 1050 2828 civitatem
1085 2783 1158 2829 cui
1195 2778 1470 2842 Heliopolis
1501 2792 1675 2825 nomen
1716 2777 1902 2825 advola-

235 2847 393 2909 visse,
423 2848 569 2896 multo
598 2856 865 2896 ceterarum
893 2849 1141 2897 volucrum
1170 2850 1394 2897 comitatu
1422 2862 1590 2894 novam
1622 2846 1793 2894 faciem
1827 2846 1909 2893 mi·

236 2918 450 2963 rantium.
514 2917 601 2964 sed
638 2919 889 2981 antiquitas
926 2918 1113 2981 quidem
1149 2918 1382 2966 obscura:
1423 2917 1544 2963 inter
1580 2915 1908 2965 Ptolemaeum
