2008 3230
657 182 660 188 *
711 217 885 253 LIBER
906 217 943 254 1.
975 215 1324 259 CAP.·13—17.
1781 207 1841 257 11

178 343 258 392 bei
288 345 533 407 petivere,
570 352 621 392 ut
645 345 844 408 proprio
874 352 1061 408 sumptu
1098 345 1298 393 ederent
1333 345 1500 407 ludos,
1541 346 1620 409 qui
1642 345 1719 394 de
1760 360 1847 393 no-

179 415 303 461 mine
341 413 547 476 Augusti
582 414 720 462 fastis
761 414 907 462 additi
942 413 1237 476 Augustales
1269 423 1575 464 vocarentur.
1638 414 1724 463 sed
1762 415 1844 463 de-

179 491 312 531 creta
338 484 543 547 pecunia
570 498 632 531 ex
661 484 849 532 aerario
862 491 1050 547 ,utque
1078 498 1168 564 per
1202 485 1382 532 circum
1411 484 1683 548 triumphali
1707 492 1844 532 veste
1863 501 1904 532 10
1943 509 1972 546 η

181 560 454 601 uterentur:
483 568 622 600 curru
649 553 760 600 vehi
786 520 910 602 hadd
939 553 1240 633 permissum.
1308 568 1421 602 mox
1458 554 1724 602 celebratio
1767 569 1845 603 an-

179 637 270 670 nua
294 622 357 670 ad
385 629 660 686 praetorem
686 622 941 684 translata,
974 623 1049 670 cui
1075 623 1198 671 inter
1223 624 1357 671 cives
1389 630 1454 671 et
1463 625 1751 687 peregrinos
1776 625 1845 671 iu-

178 692 395 740 risdictio
424 693 686 739 evenisset.

285 763 366 811 16.
407 759 496 808 Hic
529 775 688 809 rerum
731 761 1017 809 urbanarum
1052 768 1202 809 status
1238 770 1365 826 erat,
1407 778 1511 810 cum
1547 762 1845 810 Pannonicas

158 831 402 896 ,legiones
428 830 602 879 seditio
627 831 844 891 incessit,
871 828 1013 882 nullis
1037 832 1175 878 novis
1199 834 1387 893 causis,
1428 833 1517 879 nisi
1548 832 1674 895 quod
1700 840 1848 880 muta-

120 923 124 928 ·
178 909 263 950 tus
286 901 513 964 princeps
541 900 782 958 licentiam
808 899 1048 948 turbarum
1076 908 1124 947 et
1151 915 1213 948 ex
1240 901 1368 948 civili
1396 900 1530 949 bello
1553 916 1689 964 spem
1709 916 1848 964 prae-

179 971 380 1019 miorum
409 968 712 1018 ostendebat.
764 971 935 1018 castris
961 969 1157 1018 aestivis
1198 977 1299 1018 tres
1334 970 1473 1018 simul
1506 970 1726 1032 legiones
1766 971 1848 1020 ha·

179 1039 440 1101 bebantur,
465 1039 774 1104 praesidente
798 1038 932 1087 Iunio
959 1039 1164 1102 BlaeSO,
1202 1041 1282 1103 qui
1323 1040 1416 1087 fine
1443 1039 1648 1102 Augusti
1683 1048 1730 1087 et
1764 1041 1848 1087 ini·
1866 1056 1886 1089 5

181 1110 256 1159 tiis
284 1109 464 1158 Tiberii
491 1109 661 1157 auditis
688 1108 750 1156 ob
781 1109 1006 1156 iustitium
1042 1116 1121 1157 aut
1155 1108 1379 1171 gaudium
1413 1110 1735 1157 intermiserat
1770 1125 1848 1157 so-

180 1180 262 1228 lita
289 1180 460 1227 munia.
509 1193 568 1226 eo
595 1179 832 1242 principio
862 1178 1088 1226 lascivi-re
1114 1178 1271 1239 mileS,
1305 1179 1615 1240 discordare,
1653 1178 1852 1242 pessimi

182 1250 414 1312 cuiusque
441 1248 744 1296 sermonibus
763 1247 1005 1310 praebere
1027 1262 1186 1309 aures,
1217 1248 1423 1312 denique
1450 1248 1611 1296 luxum
1637 1256 1684 1296 et
1706 1250 1852 1296 otium

183 1333 390 1382 cupere,
425 1317 725 1382 disciplinam
767 1325 815 1364 et
848 1316 1064 1365 laborem
1105 1319 1371 1380 aspernari.
1436 1325 1540 1366 erat
1584 1319 1629 1365 in
1679 1319 1850 1366 castris

181 1387 474 1436 Percennius
499 1388 704 1451 quidam,
726 1387 820 1434 dux
842 1387 955 1434 olim
975 1386 1274 1435 theatralium
1298 1402 1571 1450 operarum,
1603 1387 1712 1435 dein
1739 1402 1850 1450 gre·
1869 1404 1912 1438 ιο

182 1457 346 1520 garius
370 1457 527 1518 miles,
556 1471 741 1520 procax
768 1455 928 1518 lingua
958 1463 1005 1504 et
1028 1457 1236 1504 miscere
1264 1464 1433 1505 coetus
1459 1457 1726 1504 histrionali
1753 1465 1851 1505 stu-

184 1527 262 1574 dio
290 1526 477 1574 doctus,
524 1528 564 1574 is
591 1527 824 1589 inperitos
866 1527 1048 1573 animos
1089 1534 1135 1574 et
1171 1541 1402 1590 quaenam
1434 1533 1547 1589 post
1581 1526 1853 1588 Augustum

183 1596 376 1644 militiae
397 1595 616 1644 condicio
638 1595 938 1657 ambigentes
961 1595 1199 1658 inpellere
1221 1596 1445 1659 paulatim
1467 1596 1713 1643 nocturnis
1736 1610 1850 1644 con-

183 1665 359 1728 loquiis
385 1673 463 1714 aut
501 1666 630 1714 flexo
666 1667 713 1712 in
747 1679 1003 1728 vesperam
1033 1665 1110 1712 die
1150 1673 1196 1713 et
1234 1665 1432 1735 dilapsis
1458 1664 1738 1713 melioribus
1767 1665 1851 1714 de-

183 1735 426 1783 terrimum
453 1747 691 1799 quemque
719 1748 1039 1797 congregare.
1304 1751 1313 1765 ι
1869 1750 1911 1782 15

291 1805 371 1853 17.
411 1804 661 1853 Postremo
698 1805 934 1867 promptis
968 1804 1058 1850 iam
1097 1811 1145 1851 et
1182 1803 1287 1852 aliis
1335 1804 1586 1852 sediti-onis
1626 1803 1852 1851 ministrIS

184 1874 316 1922 velut
348 1873 762 1922 contionabundus
790 1872 1138 1934 interrogabat,
1168 1888 1251 1920 cur
1278 1874 1444 1937 paucis
1473 1872 1851 1935 centurionibus,

187 1943 494 2008 paucioribus
520 1942 718 1990 tribunis
744 1943 791 1989 in
815 1943 1007 1990 modum
1032 1955 1285 1989 servorum
1310 1943 1617 1991 oboedirent.
1662 1942 1851 2006 quando

186 2025 388 2062 ausuros
420 2027 696 2076 exposcere
725 2012 967 2072 remedia,
999 2011 1090 2058 nisi
1125 2025 1297 2059 novum
1335 2020 1383 2060 et
1422 2020 1662 2061 nutantem
1695 2012 1854 2060 adhuc

186 2083 455 2163 principem
492 2081 722 2145 precibus
761 2081 842 2128 vel
883 2081 1023 2134 armis
1059 2078 1277 2128 adirent?
1316 2082 1429 2129 satis
1466 2097 1555 2145 per
1590 2089 1660 2129 tot
1702 2094 1893 2133 annos5

186 2153 376 2214 ignavia
403 2157 671 2215 peccatum,
701 2150 830 2214 quod
857 2151 1039 2198 tricena
1063 2157 1142 2197 aut
1167 2150 1472 2213 quadragena
1499 2150 1738 2213 stipendia
1774 2165 1852 2198 se-

187 2236 275 2269 nes
300 2228 348 2268 et
373 2221 595 2286 plerique
622 2227 840 2268 truncato
870 2235 931 2266 ex
956 2218 1233 2266 vulneribus
1269 2234 1477 2283 corpore
1514 2220 1739 2268 tolerent
1791 2234 1854 2266 ne

125 2288 128 2290 ’
187 2291 392 2339 dimissis
417 2291 608 2353 quidem
632 2283 773 2337 finem
799 2303 910 2336 esse
939 2289 1160 2350 militiae,
1198 2289 1283 2337 sed
1321 2289 1446 2353 apud
1483 2289 1712 2337 vexillum
1748 2296 1853 2337 ten-

188 2359 358 2408 dentes
383 2359 477 2408 alio
505 2358 745 2407 vocabulo
773 2358 971 2407 eosdem
997 2358 1194 2406 labores
1219 2359 1456 2423 perferre.
1501 2374 1559 2407 ac
1585 2360 1625 2406 si
1652 2360 1755 2421 quis
1782 2365 1857 2406 tot

189 2443 330 2477 casus
354 2430 450 2478 vita
475 2429 798 2493 superaverit,
823 2427 945 2476 trahi
973 2428 1127 2475 adhuc
1154 2427 1404 2476 diversas
1392 2443 1438 2475 m
1459 2436 1629 2488 terras,
1658 2428 1740 2474 ubi
1762 2442 1853 2491 per
1872 2443 1911 2477 10

152 2553 155 2557 Δ
187 2512 362 2546 nomen
391 2513 614 2560 agrorum
645 2497 851 2561 uligines
877 2496 1101 2561 paludum
1135 2497 1215 2544 vel
1255 2497 1431 2545 inculta
1467 2499 1692 2545 montium
1726 2497 1834 2544 acci

189 2569 334 2632 piant.
392 2568 637 2614 enimvero
664 2567 875 2615 militiam
902 2567 1052 2630 ipsam
1079 2581 1291 2628 gravem,
1320 2566 1687 2614 infructuosam·
1717 2565 1854 2612 denis

190 2637 390 2684 in-diem
415 2636 602 2684 assibus
635 2637 834 2684 animam
859 2643 906 2683 et
932 2649 1112 2698 corpus
1138 2636 1406 2682 aestimari:
1434 2635 1543 2682 hinc
1568 2642 1754 2682 vestem
1780 2649 1852 2683 ar-

191 2721 265 2754 ma
290 2706 514 2766 tentoria,
543 2706 652 2753 hinc
679 2705 923 2752 saevitiam
952 2705 1275 2751 centurionum
1303 2711 1350 2750 et
1387 2705 1666 2751 vacationes
1691 2717 1853 2750 mune-

193 2789 293 2822 rum
318 2776 501 2823 redimi.
558 2781 606 2822 at
631 2773 831 2821 hercule
857 2771 1063 2820 verbera
1091 2780 1138 2819 et
1162 2772 1361 2819 vulnera
1379 2809 1392 2832 ,
1433 2773 1596 2820 duram
1630 2773 1851 2833 hiemem,
1871 2789 1913 2823 ιε

194 2845 433 2892 exercitas
460 2851 698 2903 aestateS,
724 2842 901 2890 bellum
938 2849 1075 2889 atrox
1110 2848 1188 2888 aut
1225 2841 1439 2889 sterilem
1470 2856 1642 2905 pacem
1680 2843 1853 2904 sempi-

193 2921 341 2961 terna.
393 2928 484 2961 nec
514 2911 639 2961 aliud
666 2912 981 2959 levamentum
1010 2925 1147 2973 quam
1174 2911 1215 2957 si
1240 2912 1383 2958 certis
1415 2911 1501 2958 sub
1524 2911 1714 2974 legibus
1734 2910 1857 2958 mili-
