1976 3224
231 138 334 188 232
670 148 948 187 CORNELII
970 149 1164 186 'rAcrrl
1187 149 1495 186 ANNALIUM

231 276 431 342 propria
467 283 515 324 et
556 278 780 340 parciore
816 292 998 325 mensa.
1058 275 1159 324 illic
1193 275 1419 339 epulante
1459 275 1763 339 Britannico,
1801 276 1910 341 quia

234 346 372 396 cibos
407 352 651 410 potusque
696 347 799 395 eius
837 346 1053 395 delectus
1082 361 1146 394 ex
1182 346 1411 394 ministris
1434 352 1578 408 gustu
1603 345 1910 410 explorabat,

187 434 208 465 r,
230 432 292 465 ne
318 417 618 466 omitteretur
643 417 906 465 institutum
933 423 1011 464 aut
1035 416 1286 479 utriusque
1309 422 1464 463 morte
1489 414 1779 479 proderetur
1805 429 1910 464 sce·

230 487 324 548 lus,
361 484 470 533 talis
501 484 642 534 dolus
669 493 896 552 repertus
925 493 1014 534 est.
1072 486 1265 533 innoxia
1294 484 1448 533 adhuc
1473 499 1532 533 ac
1557 483 1835 549 praecalida
1862 491 1909 532 et

230 555 378 604 libata
399 563 546 617 gustu
569 557 704 619 potio
725 555 925 604 traditur
942 555 1244 611 Britannico;
1267 554 1411 617 dein,
1429 562 1684 619 postquam
1715 554 1914 602 fervore

231 623 609 690 aspernabatur,
650 625 828 689 frigida
864 626 911 673 in
936 639 1061 689 aqua
1095 624 1366 673 adfunditur
1390 637 1658 687 venenum,
1698 624 1827 688 quod
1851 625 1914 672 ita

235 702 437 744 cunctos
475 695 580 743 eius
619 702 750 743 artus
787 697 1028 760 pervasit,
1069 702 1120 743 ut
1148 709 1248 743 vox
1274 695 1457 758 pariter
1481 702 1529 743 et
1554 694 1751 758 spiritus
1773 708 1912 758 rape-

175 783 215 815 10
236 772 417 814 rentur.
452 763 767 829 trepidaturva
790 763 1271 829 circumsedentibuS,
1299 763 1552 826 diffugiunt
1575 762 1912 828 inprudentes:

231 832 479 899 atquibus
519 834 662 883 altior
700 833 1009 897 intellectus,
1042 835 1272 883 resistunt
1309 833 1451 882 defixi
1481 841 1528 882 et
1563 833 1808 883 Neronem
1847 835 1915 880 in-

230 911 438 953 tuentes.
489 903 573 952 ille
601 911 649 952 ut
677 912 781 954 erat
806 904 1004 953 reclinis
1033 912 1080 952 et
1103 905 1271 953 nescio
1303 903 1500 966 similiS,
1539 903 1730 952 solitum
1757 904 1822 951 ita
1851 902 1915 950 ait

234 990 322 1039 per
361 973 652 1022 comitialem
690 973 933 1035 morbum,
975 974 1069 1038 quo
1099 975 1250 1038 prima
1278 972 1336 1022 ab
1368 973 1563 1022 infantia
1587 972 1914 1022 adflictaretur

232 1044 553 1104 BritannicuS,
582 1051 630 1091 et
655 1043 896 1092 redituros
928 1043 1156 1107 paulatim
1177 1045 1308 1091 visus
1331 1058 1614 1107 sensusque.
1663 1050 1712 1091 at
1734 1042 1914 1105 Agrip·

176 1127 217 1159 15
234 1114 376 1178 pinae
402 1114 442 1160 is
483 1127 660 1177 pavor,
704 1127 761 1162 ea
795 1116 1122 1162 consternatio
1158 1114 1356 1175 mentiS,
1397 1114 1614 1177 quamvis
1642 1111 1776 1160 vultu
1805 1126 1915 1175 pre·

232 1190 470 1244 meret-ur,
498 1184 719 1245 emicuit,
753 1190 803 1231 ut
832 1183 1036 1247 perinde
1065 1185 1280 1246 ignaram
1306 1182 1461 1230 fuisse
1486 1188 1640 1247 atque
1667 1180 1916 1230 Octaviam

233 1266 453 1302 sororem
488 1250 752 1301 Britannici
790 1253 1094 1302 constiteritz‘
1125 1254 1306 1317 quippe
1343 1251 1432 1300 sibi
1473 1266 1746 1317 supremum
1786 1252 1910 1299 auxi·

233 1322 346 1370 lium
385 1329 608 1386 ereptum
636 1330 683 1370 et
726 1322 973 1387 parricidii
1011 1321 1286 1386 exemplum
1321 1321 1655 1386 intellegebat.
1715 1320 1915 1370 Octavia

235 1405 454 1456 quoque,
493 1393 710 1455 quamvis
746 1391 945 1440 rudibus
977 1393 1139 1454 anniS,
1183 1391 1431 1454 dolorem,
1461 1391 1919 1454 caritatem„omnis

174 1478 216 1510 20
236 1462 458 1510 adfectus
494 1460 800 1509 abscondere
837 1461 1087 1511 didicerat.
1139 1464 1203 1510 ita
1243 1469 1355 1525 post
1387 1460 1540 1510 breve
1577 1461 1816 1510 silentium
1842 1475 1915 1509 re-

234 1532 382 1596 petita
411 1531 619 1579 convivii
643 1531 838 1580 laetitia.

342 1601 419 1648 17.
466 1600 578 1649 Nox
626 1602 794 1650 eadem
834 1615 1004 1650 necem
1044 1600 1303 1650 Britannici
1344 1609 1392 1649 et
1439 1615 1611 1664 rogum
1655 1602 1917 1664 coniunxit,

235 1671 434 1735 proviso
462 1677 571 1718 ante
595 1671 786 1719 funebri
816 1677 1012 1736 paratu,
1061 1671 1140 1735 qui
1170 1670 1389 1722 modicus
1415 1670 1516 1719 fuit.
1573 1673 1619 1719 in
1648 1685 1820 1735 campo
1847 1678 1914 1719 ta·

233 1755 343 1788 men
377 1739 544 1787 Martis
584 1740 799 1803 sepultus
839 1747 914 1788 est
948 1739 1072 1798 adeo
1108 1740 1311 1789 turbidis
1355 1739 1609 1804 imbribus,
1654 1748 1705 1789 ut
1740 1739 1917 1803 vulg-us

233 1811 350 1857 iram
378 1808 516 1856 deum
544 1809 768 1873 portendi
795 1809 1056 1858 crediderit
1080 1809 1313 1863 adversus
1339 1811 1555 1874 facium,
1590 1811 1666 1858 cui
1693 1810 1916 1876 plerique

194 1886 391 1927 stamen
416 1878 655 1927 hominum
692 1878 1038 1942 ignoscebant,
1082 1881 1302 1943 antiquas
1338 1880 1536 1929 fratrum
1575 1879 1844 1930 discordias
1869 1885 1917 1928 et

235 1947 523 1997 insociabile
554 1964 757 2012 regnum
778 1950 1102 1998 aestimantes.
1154 1949 1344 1998 tradunt
1365 1949 1586 2014 plerique
1608 1964 1772 1998 eorum
1798 1956 1913 1997 tem—

234 2033 406 2082 porum
447 2020 741 2082 scriptores,
786 2019 973 2068 crebris
1009 2026 1119 2067 ante
1144 2020 1352 2068 ¹exitium
1380 2019 1550 2068 diebus
1589 2019 1778 2068 illusum
1817 2019 1916 2067 isse

237 2088 476 2152 pueritiae
501 2087 763 2137 Britannici
790 2088 1062 2150 Neronem,
1106 2096 1156 2137 ut
1186 2089 1276 2138 iam
1303 2103 1399 2137 non
1424 2097 1728 2153 praematura
1755 2102 1915 2151 neque

237 2172 384 2206 saeva
411 2172 543 2207 mors
568 2159 722 2207 videri
748 2165 908 2223 queat,
936 2160 1152 2223 quamvis
1173 2160 1298 2207 inter
1319 2173 1457 2207 sacra
1477 2173 1692 2219 mensae,
1720 2173 1780 2206 ue
1798 2164 1915 2205 tem·

179 2244 219 2276 10
236 2242 358 2291 pore
386 2227 577 2291 quidem
605 2228 664 2277 ad
691 2228 997 2293 complexum
1017 2236 1239 2277 sororum
1261 2228 1391 2291 dato,
1417 2235 1526 2277 ante
1548 2227 1720 2277 oculos
1739 2227 1915 2275 inimici

236 2304 499 2360 properata
528 2299 587 2345 sit
612 2299 658 2345 in
689 2299 819 2346 illum
847 2312 1120 2361 supremum
1148 2297 1456 2346 Claudiorum
1483 2299 1788 2361 sanguinem,
1819 2304 1914 2345 stu-

237 2379 326 2429 pro
357 2367 488 2430 prius
516 2381 657 2429 quam
685 2383 875 2415 veneno
900 2367 1148 2431 pollutum.
1195 2368 1553 2416 festinationem
1579 2369 1915 2431 exsequiarum

237 2435 397 2484 edicto
441 2433 625 2484 Caesar
662 2436 901 2498 defendit,
951 2438 1012 2483 ita
1067 2436 1328 2485 maioribus
1371 2437 1630 2487 institutum
1678 2437 1913 2498 referenS,

237 2504 527 2553 subtrahere
565 2506 723 2555 oculis
778 2505 954 2554 acerba
1000 2506 1168 2554 funera
1214 2521 1373 2569 neque
1430 2505 1780 2555 laudationibus
1834 2512 1915 2553 aut

182 2590 219 2622 ⁴25
239 2589 415 2638 pompa
442 2574 676 2624 detinere.
730 2584 944 2624 ceterum
987 2581 1034 2622 et
1076 2575 1165 2623 sibi
1191 2578 1369 2623 amisso
1412 2576 1574 2625 fratris
1599 2574 1776 2624 auxilio
1804 2574 1914 2622 reli-

238 2659 355 2707 quas
390 2660 507 2708 spes
545 2646 589 2692 in
625 2660 679 2694 re
714 2645 911 2709 publica
939 2646 1081 2706 sitaS,
1111 2654 1158 2692 et
1186 2653 1312 2694 tanto
1351 2646 1504 2709 magis
1539 2643 1797 2694 fovendum
1832 2658 1913 2707 pa-

236 2712 388 2761 tribus
425 2714 710 2778 populoque
752 2715 1036 2779 principem,
1073 2716 1150 2778 qui
1190 2730 1309 2763 unus
1344 2721 1629 2779 superesset
1665 2729 1698 2761 e.
1733 2713 1913 2761 familia

237 2797 467 2830 summum
500 2783 557 2831 ad
583 2784 826 2847 fastigium
853 2786 1034 2846 genita.

341 2851 421 2900 18.
474 2852 612 2900 Exim
658 2854 914 2916 largitione
967 2853 1248 2915 potissimos
1302 2853 1560 2902 amicorum
1614 2853 1757 2899 auxit.
1823 2865 1914 2899 nec
