1976 3224
242 188 259 233 1
277 186 340 235 10
685 194 960 233 CORNELII
997 196 1192 234 TAGITI
1230 198 1536 236 ANNALmM

237 324 387 386 Pauli,
420 322 626 370 Aemilia
651 330 969 384 monumenta,
1001 325 1196 388 propria
1228 326 1432 388 pecunia
1461 327 1670 376 firmaret
1691 336 1910 376 ornaret·

240 408 349 457 que.
400 399 504 440 erat
530 394 670 440 etiam
697 400 792 440 tum
819 394 865 440 in
887 407 1021 440 more
1043 393 1234 457 publica
1255 396 1600 452 munificentia:
1629 412 1720 446 nec
1741 397 1906 460 Augu·

153 503 155 505 ,
239 470 340 510 stus
365 469 586 510 arcuerat
627 462 858 524 Taurum,
906 462 1202 527 Philippum,
1238 463 1436 514 Balbum
1470 465 1672 515 hostiles
1709 468 1913 516 exuvias

202 540 317 582 saut
342 531 625 580 exundantis
651 546 774 596 opes
813 540 1029 581 ornatum
1068 532 1127 582 ad
1166 532 1297 583 urbis
1334 542 1382 583 et
1416 543 1665 600 posterum
1702 537 1907 599 gloriam

238 602 480 651 conferre.
555 615 649 665 quo
685 609 780 650 tum
819 602 1046 667 exemplo
1079 602 1317 668 Lepidus,
1356 620 1639 670 quamquam
1674 608 1909 671 pecuniae

235 671 479 734 modicus,
520 673 696 720 avitum
739 671 887 720 decus
925 672 1148 721 recoluit.
1211 680 1256 722 at
1295 674 1494 739 Pompei
1531 676 1766 725 theatrum
1792 677 1908 739 igne

235 743 432 791 fortuito
458 741 676 790 haustum
707 740 887 790 Caesar
919 749 1243 791 extructurum
1268 744 1515 808 pollicitus
1552 753 1651 809 est,
1688 761 1749 794 eo
1778 745 1907 810 quod

235 826 377 860 nemo
409 827 436 860 e
463 810 641 874 familia
667 812 982 861 restaurando
1008 812 1270 876 sufficeret,
1297 822 1517 863 manente
1539 822 1697 864 tamen
1716 816 1906 863 nomine

180 892 221 925 πο
237 882 453 946 Pompei.
514 880 650 929 simul
683 881 903 930 laudibus
940 883 1162 930 Seianum
1205 884 1404 947 extulit,
1449 892 1688 948 tamquam
1737 884 1908 934 labore

235 951 578 1015 vigilantiaque
606 952 709 1000 eius
734 959 864 1000 tanta
893 952 964 999 vis
998 967 1136 1000 unum
1172 953 1294 1015 intra
1328 953 1543 1003 damnum
1580 956 1810 1003 stetisset.
1861 961 1909 1002 et

238 1036 475 1070 censuere
510 1028 676 1085 patres
714 1020 927 1083 effigiem
965 1022 1172 1083 Seian0,
1210 1038 1334 1086 quae
1366 1023 1492 1088 apud
1515 1023 1749 1073 theatrum
1769 1023 1907 1072 Pom·

238 1092 318 1156 pei
342 1091 603 1141 locaretur
643 1105 801 1154 neque
826 1091 974 1139 multo
1000 1098 1110 1155 post
1131 1089 1326 1156 Caesar,
1358 1108 1463 1142 cum
1482 1092 1663 1142 Iunium
1684 1093 1906 1142 Blaesum

237 1175 329 1226 pro
357 1159 556 1210 consule
582 1159 780 1209 Africae
806 1160 1029 1225 triumphi
1055 1161 1321 1224 insignibus
1349 1162 1610 1226 attolleret,
1636 1163 1751 1212 dare
1781 1162 1827 1211 id
1852 1177 1907 1210 se

182 1242 220 1274 15
240 1231 356 1279 dixit
379 1220 553 1278 honori
580 1229 756 1293 Seiani,
790 1231 924 1279 cuius
949 1230 1031 1279 ille
1058 1232 1322 1281 avunculus
1354 1240 1471 1282 erat.
1537 1248 1594 1282 ac
1634 1240 1789 1282 tamen
1825 1247 1907 1280 res

234 1300 395 1349 Blaesi
424 1299 598 1362 dignae
625 1298 806 1349 decore
832 1300 914 1349 tali
943 1300 1096 1349 fuere.

343 1368 426 1418 73.
465 1369 586 1417 Nam
614 1368 922 1434 TacfarinaS,
955 1385 1237 1434 quamquam
1263 1372 1458 1436 saepius
1484 1371 1740 1438 depulsus,
1767 1385 1905 1435 repa-

235 1440 349 1489 ratis
376 1454 465 1503 per
488 1440 648 1487 intima
677 1438 875 1488 Africae
900 1439 1088 1489 auxiliis
1120 1439 1213 1488 huc
1248 1440 1562 1504 adrogantiae
1597 1447 1822 1503 venerat,
1858 1446 1909 1487 ut

236 1511 428 1572 legatos
459 1508 519 1557 ad
545 1507 788 1558 Tiberium
814 1511 1023 1558 mitteret
1047 1509 1308 1574 sedemque
1336 1512 1462 1560 ultro
1492 1511 1581 1561 sibi
1602 1519 1744 1576 atque
1769 1525 1906 1559 exer·

238 1580 347 1628 citui
391 1593 478 1627 suo
528 1578 820 1643 postularet,
866 1587 945 1628 aut
980 1578 1160 1627 bellum
1211 1579 1554 1645 inexplicabile
1598 1582 1905 1629 minitaretur.

197 1661 215 1692 5
237 1664 334 1698 non
356 1648 476 1697 alias
501 1649 653 1711 magis
684 1664 768 1698 sua
794 1649 1058 1714 populique
1081 1649 1284 1698 Romani
1320 1651 1607 1700 contumelia
1643 1649 1908 1698 indoluisse

239 1718 499 1767 Caesarem
519 1718 696 1781 ferunt,
720 1734 858 1782 quam
881 1719 1008 1783 quod
1027 1718 1249 1767 desertor
1273 1726 1321 1767 et
1343 1721 1525 1784 praedo
1546 1720 1751 1769 hostium
1771 1732 1908 1767 more

237 1795 421 1852 ageret.
497 1803 557 1835 ne
603 1787 837 1852 Spartaco
888 1788 1077 1852 quidem
1122 1796 1235 1852 post
1276 1796 1348 1837 tot
1391 1790 1712 1839 consularium
1763 1803 1904 1837 exer-

238 1860 410 1907 cituum
439 1857 601 1906 clades
626 1857 820 1907 inultam
847 1856 1030 1907 Italiam
1065 1860 1243 1921 urenti,
1283 1874 1564 1923 quamquam
1597 1859 1800 1908 Sertorii
1838 1864 1906 1906 at-

236 1943 329 1993 que
353 1926 637 1976 Mithridatis
661 1926 933 1991 ingentibus
973 1927 1116 1976 bellis
1154 1927 1341 1977 labaret
1374 1945 1455 1978 res
1494 1928 1714 1994 publica,
1752 1927 1908 1976 datum

179 2012 218 2044 10
235 2004 466 2062 ut’pacto
506 1997 553 2044 in
590 1996 732 2046 fidem
778 1998 1107 2062 acciperetur;
1155 1997 1327 2046 nedum
1371 1998 1696 2063 pulcherrimo
1742 1995 1909 2062 populi

234 2068 435 2117 Romani
465 2067 661 2130 fastigio
689 2068 812 2117 latro
846 2067 1126 2116 Tacfarinas
1165 2082 1286 2130 pace
1323 2076 1371 2117 et
1406 2069 1725 2117 concessione
1763 2079 1907 2129 agro-

233 2154 335 2187 rum
364 2137 694 2186 redimeretur.
757 2137 834 2185 dat
865 2139 1109 2200 negotium
1148 2137 1348 2200 BlaeSO,
1388 2145 1580 2186 ceteros
1618 2136 1806 2201 quidem
1849 2133 1910 2184 ad

236 2223 372 2273 spem
400 2207 666 2272 proliceret
691 2222 819 2256 arma
850 2208 953 2255 sine
979 2221 1106 2273 noxa
1135 2201 1370 2271 ponendi,
1398 2208 1550 2271 ipsius
1577 2215 1732 2256 autem
1772 2205 1908 2254 ducis

237 2292 432 2341 quoquo
476 2275 618 2324 modo
669 2284 935 2341 poteretur.
1019 2284 1066 2324 et
1115 2279 1301 2341 recepti
1366 2291 1423 2325 ea
1472 2277 1613 2325 venia
1670 2276 1906 2340 plerique.

176 2356 216 2387 15
234 2361 345 2395 mox
376 2346 628 2394 adversum
666 2353 795 2395 artes
830 2346 1144 2394 Tacfarinatis
1184 2345 1307 2394 haud
1344 2345 1556 2394 dissimili
1594 2345 1737 2394 modo
1771 2343 1906 2392 belli-

272 2423 468 2464 eratum.

235 2431 268 2479 g
341 2487 423 2535 74.
460 2483 579 2533 Nam
607 2484 717 2547 quia
742 2483 823 2531 ille
852 2483 1033 2531 robore
1061 2484 1303 2531 exercitus
1330 2485 1481 2548 inpar,
1507 2483 1693 2532 furandi
1714 2481 1903 2543 melior,

236 2555 386 2619 pluris
423 2570 511 2619 per
547 2552 727 2617 globos
763 2554 1032 2601 incursaret
1071 2551 1387 2617 eluderetque
1432 2561 1480 2601 et
1520 2551 1715 2602 insidias
1768 2551 1905 2599 simul

233 2631 516 2689 temptaret,
544 2631 645 2672 tres
682 2623 918 2686 incessuS,
951 2621 1149 2672 totidem
1177 2624 1364 2685 agmina
1392 2630 1632 2687 parantur.
1703 2636 1765 2669 ex
1797 2622 1905 2684 quis

235 2693 491 2742 Cornelius
519 2693 686 2756 Scipio
715 2692 905 2755 legatus
933 2692 1139 2757 praefuit
1168 2707 1258 2755 qua
1286 2691 1532 2757 praedatio
1559 2693 1604 2738 in
1622 2690 1902 2754 Leptitanos

195 2771 282 2811 set
319 2764 522 2827 suffugia
561 2762 916 2819 Garamantum;
973 2761 1065 2811 alio
1115 2761 1291 2824 latere,
1343 2777 1403 2809 ne
1453 2760 1737 2809 Cirtensium
1789 2761 1903 2824 pagi

233 2834 422 2896 impune
463 2832 791 2894 traherentur,
841 2835 1085 2896 propriam
1129 2846 1313 2879 manum
1352 2830 1553 2878 Blaesus
1591 2830 1714 2878 lilius
1754 2828 1900 2877 duxit.

234 2901 390 2950 medio
418 2917 522 2950 cum
549 2901 780 2964 delectis),
809 2901 1009 2949 castella
1054 2908 1100 2948 et
1133 2901 1417 2948 munitiones
1452 2900 1638 2947 idoneis
1676 2899 1797 2947 locis
1834 2899 1899 2945 in-
