1950 3210
160 186 347 227 XXXIV
647 185 1102 225 COMMENTARIUS
1130 184 1411 224 CRITICUS.

162 316 329 379 dione)
385 312 392 381 Ι
443 323 499 366 12
539 332 565 362 e
603 319 851 378 manipulis
887 319 950 362 L:
1002 318 1262 377 manipulus
1295 316 1623 379 (manipularis
1657 317 1726 380 P)
1772 314 1780 382 Ι
1825 324 1880 369 13

161 393 351 434 nostros
375 387 475 434 Pu.-
503 400 592 433 nos
617 388 751 447 ipsos

302 453 398 516 39,
436 464 461 508 1
503 458 749 517 exposuit,
786 470 870 503 em.
901 457 940 503 L
984 451 991 523 Ι
1033 463 1060 504 2
1086 457 1314 503 sistebant
1344 458 1407 503 al.
1451 451 1462 522 Ι
1510 461 1540 505 4
1564 457 1734 504 dehinc
1759 461 1876 504 coni.

161 530 339 573 amicus
363 531 519 573 noster
530 546 544 579 ;
580 534 631 573 at
654 533 720 574 est
749 528 858 573 hinc
885 528 1136 587 temporale
1160 529 1291 572 etiam
1323 530 1380 584 3,
1417 529 1488 573 13.
1519 530 1594 573 61.
1630 527 1745 587 Ayr.
1779 532 1842 574 14
1868 523 1874 592 Ι

159 603 186 647 6
212 597 433 657 prouis0,
459 610 543 643 em.
566 596 606 642 L
637 591 646 661 Ι
679 602 704 647 7
733 611 788 644 ac
812 599 917 643 incl.
947 598 1024 643 He
1048 603 1236 642 auctore
1261 596 1598 643 Freinsheimio
1632 592 1640 662 Ι
1673 603 1701 647 9
1728 598 1878 644 excisi

160 673 233 725 ut,
271 680 353 712 em.
384 667 484 723 Fa,
529 669 621 713 nisi
654 667 830 714 excissi
867 673 944 713 aut
976 667 1267 713 scribendam
1292 672 1360 712 est
1386 664 1513 728 (item
1537 673 1592 725 3,
1617 671 1676 717 28
1701 667 1877 714 excissi

158 735 360 798 status),
388 750 493 782 cam
524 738 638 782 illud
669 743 840 784 certum
877 740 936 782 sit
958 738 1259 796 participium
1292 738 1357 782 ad
1393 737 1647 783 excindere
1672 738 1768 784 sive
1793 751 1878 784 ex-

158 807 376 854 scindere
402 809 657 866 pertinere.
705 801 713 871 Ι
758 813 812 857 13
849 807 1141 853 defectiones
1171 821 1250 865 pr.
1281 820 1340 853 m.
1388 801 1396 870 Ι
1444 811 1500 855 14
1523 803 1621 852 uita
1663 805 1672 867 Ι
1714 814 1769 857 15
1795 808 1877 854 ad-

159 877 439 936 sumpsisset
1648 922 1655 926 .

300 945 398 1005 40,
436 952 465 995 4
501 952 635 993 aucta
663 961 811 1006 aeque
846 948 898 993 H
907 969 918 992 .·
953 953 1179 1006 auctaque
1206 951 1255 992 et
1282 944 1535 1009 (auctaque
1572 952 1646 993 est
1681 947 1732 993 N
1735 966 1753 999 ,·
1780 950 1879 1007 ipse

150 1020 290 1077 prius
324 1017 457 1076 infra
495 1023 633 1076 atque
667 1017 752 1063 illo
777 1030 840 1062 ex
871 1032 1019 1077 aeque
1051 1018 1136 1063 illo
1161 1020 1310 1063 ortum
1337 1028 1437 1062 esse
1461 1014 1776 1078 conieceram)
1810 1013 1818 1082 Ι
1850 1024 1876 1066 5

157 1087 267 1133 ἰΙΙο;
290 1087 456 1146 ipsoE
484 1083 492 1151 Ι
524 1093 552 1136 6
574 1086 849 1146 compositis
866 1088 927 1133 L.-
946 1087 1220 1147 compositi,
1241 1086 1365 1146 quod
1381 1086 1511 1133 haud
1525 1089 1620 1134 scio
1636 1101 1699 1133 an
1717 1086 1875 1147 feren-

158 1158 269 1202 dum
292 1159 352 1202 sit
362 1165 561 1217 propter
584 1159 633 1203 id
657 1157 782 1217 quod
803 1160 1005 1218 sequitur
1025 1157 1066 1204 si
1093 1157 1405 1204 durauissent.
1441 1151 1448 1222 Ι
1482 1163 1540 1207 10
1564 1171 1590 1204 e
1610 1158 1877 1216 Brigantum

158 1227 282 1273 Rud.
304 1227 548 1286 Ayricola:
579 1227 845 1286 euigantum
880 1223 886 1291 Ι
920 1235 972 1278 11
1003 1227 1334 1274 cartimandum
1370 1231 1414 1272 et
1447 1231 1504 1276 14
1530 1228 1838 1274 cartimannus
1868 1220 1876 1289 Ι

158 1302 213 1345 15
233 1297 384 1343 hostis
419 1298 425 1357 Ι
459 1303 514 1349 17
536 1299 777 1345 iuventute
796 1301 914 1347 coni.
939 1299 1114 1343 amicas
1132 1302 1315 1348 nostem
1338 1302 1388 1342 at
1399 1297 1530 1357 ferri
1539 1301 1695 1356 potest
1713 1297 1875 1344 iuven-

158 1370 261 1425 tus,
293 1373 535 1424 commate,
562 1372 613 1414 at
634 1367 711 1414 He
732 1367 868 1427 fecit,
894 1373 1001 1415 ante
1029 1368 1183 1415 valida
1201 1369 1378 1427 posito,
1408 1372 1459 1413 ut
1480 1367 1635 1414 valida
1662 1367 1878 1414 iuventus

156 1439 249 1482 iam
276 1439 334 1483 sit
359 1440 581 1498 appositio
605 1438 794 1484 subiecti
814 1439 993 1486 hostes.
1028 1432 1035 1502 Ι
1069 1438 1307 1498 provisum
1335 1439 1397 1484 al.
1433 1435 1441 1498 Ι
1472 1442 1529 1485 22
1555 1451 1580 1484 a
1607 1438 1788 1484 duobus
1816 1437 1878 1482 F.-

160 1522 184 1553 a
211 1508 394 1555 duobus
423 1509 571 1556 ostrio
597 1506 715 1570 (pro
748 1505 965 1570 Ostorio)
994 1509 1217 1567 didioque
1251 1503 1260 1569 Ι
1291 1513 1349 1556 24
1372 1508 1570 1567 proinde

301 1576 398 1637 41,
437 1586 460 1628 1
492 1579 557 1624 Ti.
598 1580 898 1626 Vertranius:
933 1580 982 1624 T.
1013 1580 1059 1626 L.
1103 1573 1111 1638 Ι
1157 1577 1306 1624 Orfito
1343 1577 1521 1623 Ritter'o
1551 1582 1740 1623 auctore
1774 1578 1876 1623 incl.

156 1647 229 1704 N,
269 1661 403 1706 quem
446 1665 489 1696 v.
527 1650 592 1694 ad
627 1654 683 1707 2,
731 1656 754 1698 1
809 1651 816 1714 Ι
862 1655 890 1700 9
929 1649 1194 1708 triumphali
1237 1647 1499 1707 Gryphias:
1536 1647 1876 1707 triumphalium

161 1714 454 1778 (triumphali
490 1720 537 1765 in
572 1720 632 1777 F,
674 1720 1048 1778 triumphantium
1085 1715 1153 1778 A)
1197 1713 1203 1780 Ι
1248 1723 1381 1771 sunt,
1418 1722 1467 1764 ut
1503 1721 1741 1777 spectaret
1777 1716 1883 1762 Ru-

150 1789 294 1846 perti,
325 1793 458 1847 sunt,
500 1804 601 1835 cum
628 1787 703 1849 sp.'
734 1783 830 1853 W}
866 1795 921 1837 12
947 1788 1138 1835 remotis
1171 1784 1178 1853 Ι
1213 1793 1268 1836 14
1291 1788 1484 1847 pellitur
1521 1801 1622 1832 cum
1654 1787 1711 1833 dc
1735 1799 1880 1845 super

157 1872 186 1917 p
239 1851 246 1921 Ι
299 1864 354 1908 19
380 1865 645 1919 erupturam
673 1861 733 1904 al.
788 1854 797 1923 Ι
843 1865 901 1907 20
935 1859 975 1904 is
1026 1853 1035 1923 Ι
1084 1863 1138 1906 21
1169 1863 1247 1904 aut
1286 1857 1530 1903 Peter-sen:
1574 1870 1653 1915 ac,
1687 1857 1810 1915 quod
1835 1856 1885 1902 N

157 1933 339 1979 metam
370 1927 438 1987 cf.
467 1935 521 1987 3,
559 1934 617 1977 24
650 1935 799 1975 morte
839 1935 916 1975 aut
957 1930 1068 1988 fuga
1094 1927 1303 1988 punivit:
1341 1932 1395 1986 6,
1432 1933 1460 1977 9
1491 1932 1540 1972 ut
1575 1931 1877 1973 accusatores

160 1998 307 2044 exilio
335 2004 413 2044 aut
447 2004 596 2045 morte
625 2000 945 2046 multarentur.
1182 2017 1184 2020 ·

300 2064 397 2126 42,
435 2074 463 2118 3
502 2069 688 2115 Rufrius
723 2069 845 2115 Hm.-
883 2070 1050 2122 rufius;
1089 2080 1254 2114 nomen
1290 2069 1479 2114 Rufrius
1513 2067 1648 2114 habet
1681 2066 1778 2112 cod.
1806 2072 1878 2123 15,

158 2141 245 2191 712
281 2140 329 2183 in
364 2144 446 2197 16,
482 2143 536 2189 17
572 2144 639 2185 est
673 2141 817 2186 altero
849 2141 946 2186 loco
975 2139 1198 2197 rufrium,
1233 2139 1378 2184 altero
1415 2139 1571 2191 rufus;
1616 2139 1664 2182 in
1697 2142 1780 2194 13,
1822 2139 1878 2183 45

157 2211 266 2252 teste
290 2209 482 2255 Baitero
506 2223 597 2255 non
619 2216 772 2268 potest
796 2211 1011 2269 distinqui
1032 2211 1147 2255 sitne
1173 2208 1274 2254 rufii
1304 2222 1366 2254 an
1400 2208 1533 2254 rufri.
1585 2206 1878 2265 Scripturam

158 2282 365 2322 nostram
403 2280 565 2336 firmat
597 2281 700 2325 cod.
725 2280 1033 2325 Memmianus
1060 2279 1265 2334 Suetonii
1298 2293 1340 2324 v.
1368 2278 1482 2324 Ner.
1508 2284 1579 2328 35.
1628 2271 1636 2342 Ι
1681 2281 1711 2326 8
1734 2275 1878 2336 profi-

160 2352 348 2393 ceretur
391 2341 402 2412 Ι
443 2354 470 2398 9
495 2350 645 2395 honos
680 2349 738 2395 U.-
777 2363 874 2395 mos

298 2413 394 2475 43,
433 2423 460 2465 2
498 2424 750 2479 prorupte,
789 2432 872 2464 em.
912 2418 950 2463 L
992 2419 997 2475 Ι
1044 2424 1101 2466 10
1139 2423 1321 2476 etpost
1354 2418 1644 2477 benignitate
1680 2416 1766 2462 del.
1796 2415 1838 2461 Α
1869 2409 1875 2476 Ι

158 2487 515 2534 subuenientum
547 2483 555 2552 Ι
591 2495 642 2536 11
670 2488 940 2546 legionibus
967 2488 1040 2533 E.-
1077 2488 1351 2545 regionibus

299 2555 394 2615 44,
433 2565 486 2607 11
525 2564 740 2618 prompte
785 2556 1068 2619 (promptum
1101 2557 1164 2615 L,
1206 2572 1459 2617 properum
1493 2557 1542 2604 F
1569 2557 1670 2602 coll.
1704 2559 1758 2612 4,
1801 2559 1876 2611 59,

159 2627 353 2673 audacia
379 2633 560 2688 promta
587 2630 694 2674 mal.
722 2626 793 2690 E)
836 2621 846 2692 Ι
895 2633 950 2677 16
977 2632 1153 2687 partem
1175 2643 1255 2686 pr.
1282 2643 1342 2673 m.
1386 2622 1395 2691 Ι
1441 2633 1499 2677 18
1522 2618 1647 2672 οιιΙῐᾶ
1678 2619 1686 2689 Ι
1718 2629 1774 2674 19
1798 2637 1875 2670 or-

162 2702 299 2742 nante
326 2697 390 2743 L.·
430 2703 593 2744 orante

299 2763 395 2825 45,
433 2773 460 2815 2
499 2782 587 2826 qua
620 2802 630 2814 .
666 2803 676 2813 .
705 2774 950 2830 prompte,
991 2781 1075 2814 em.
1106 2767 1146 2813 L
1189 2762 1196 2830 Ι
1238 2771 1264 2816 7
1304 2765 1508 2825 campis:
1547 2763 1715 2811 castris
1751 2762 1826 2808 He
1859 2757 1868 2824 Ι

159 2843 187 2886 9
214 2838 368 2882 malim
389 2842 642 2896 praeerant
666 2851 729 2883 ex
754 2840 982 2884 constanti
1010 2839 1157 2884 Taciti
1180 2850 1266 2882 usu
1299 2830 1308 2901 Ι
1342 2842 1391 2885 11
1424 2840 1470 2880 at
1495 2834 1631 2880 nobis
1655 2867 1665 2877 .
1691 2870 1700 2879 .
1727 2845 1873 2890 gnara

162 2911 234 2951 est
268 2907 371 2951 incl.
408 2907 474 2951 Ri
503 2909 552 2952 in
581 2909 650 2953 ed.
680 2910 847 2967 priore
887 2909 894 2967 Ι
940 2916 994 2958 15
1030 2904 1228 2967 pecunizi
1262 2909 1502 2951 uterentur
1537 2903 1651 2965 (pro
1676 2901 1875 2962 pecunia
