1976 3224
620 239 732 297 131ss.
755 239 856 277 ΧΠ.
887 238 1011 276 cAP.
1033 238 1087 281 35
1106 237 1232 279 —40.
1667 227 1765 277 211

99 369 315 434 ptivitate
343 366 563 416 Carataci
598 366 900 430 disseruere,
957 382 1113 431 neque
1150 367 1303 414 minus
1341 367 1387 414 id
1424 367 1603 415 clarum
1632 380 1772 430 quam

102 437 230 503 quod
272 436 545 501 Syphacem
585 435 637 485 P.
677 437 869 502 Scipio,
910 436 1092 485 Persen
1123 435 1172 484 L.
1201 435 1403 498 Paulus,
1448 443 1496 485 et
1521 438 1559 484 si
1589 440 1665 501 qui
1693 436 1772 484 alii

101 510 292 557 vinctos
327 521 476 569 reges
501 505 684 570 populo
708 506 925 556 Romano
953 506 1228 554 ostendere.
1288 513 1547 554 censentur
1574 505 1770 555 Ostorio

99 575 322 641 triumphi
349 576 572 638 insignia,
604 577 856 640 prosperis
884 575 942 623 ad
966 575 1012 624 id
1039 575 1184 624 rebus
1212 576 1343 638 eiuS,
1372 589 1485 623 mox
1521 575 1771 641 ambiguis,
1791 590 1812 623 5

101 649 204 696 sive
228 653 386 694 amoto
414 644 675 709 CaratacO,
720 647 854 709 quasi
880 644 1169 694 debellatum
1205 645 1359 708 foret,
1399 647 1553 694 minus
1590 646 1772 694 intenta

99 715 224 782 apud
253 729 343 764 nos
369 715 531 763 militia
551 715 655 777 fuit,
681 717 784 763 sive
807 716 972 764 hostes
990 715 1298 763 miseratione
1322 716 1439 764 tanti
1458 717 1590 778 regis
1613 715 1771 764 acrius

101 786 160 835 ad
199 784 431 834 ultionem
459 799 706 841 exarsere.
762 785 1059 849 praefectum
1099 791 1365 834 castrorum
1391 792 1439 833 et
1474 785 1771 848 legionarias

100 854 326 906 cohortes
355 854 658 903 exstruendis
693 854 818 919 apud
843 854 1025 904 Siluras
1062 854 1319 918 praesidiis
1346 854 1543 904 relictas
1571 855 1769 903 circum-

96 924 310 975 fundunt.
365 940 423 974 ac
458 924 523 972 ni.
545 925 639 973 cito
675 924 849 973 nuntiis
886 939 947 973 ex
977 924 1190 973 castellis
1216 925 1448 989 proximis
1486 924 1768 974 subventum
1789 938 1829 971 ιο

97 995 226 1044 foret
256 996 500 1060 copiarum
528 993 795 1056 obsidioni,
826 993 1198 1043 obcubuissent:
1229 994 1509 1058 praefectus
1539 1002 1696 1043 tamen
1723 1002 1772 1043 et

101 1071 213 1114 octo
242 1065 547 1113 centuriones
573 1079 630 1113 ac
656 1065 1040 1128 promptissimus
1068 1064 1270 1128 quisque
1310 1079 1337 1113 e
1360 1065 1616 1129 manipulis
1645 1066 1770 1113 ceci-

100 1133 232 1183 dere.
287 1147 379 1182 nec
411 1133 559 1182 multo
594 1141 707 1197 post
740 1133 1013 1198 pabulantis
1047 1141 1242 1182 nostros
1273 1135 1544 1198 missasque
1571 1133 1630 1183 ad
1661 1134 1769 1182 sub-

100 1203 268 1252 sidium
294 1210 470 1252 turmas
498 1202 772 1267 profligant.

205 1273 286 1323 39.
317 1272 436 1322 Tum
463 1271 683 1321 Ostorius
712 1272 943 1322 cohortes
970 1259 1225 1338 expeditas
1253 1275 1509 1353 opposuit;
1537 1289 1630 1323 nec
1658 1274 1768 1323 ideo

99 1343 262 1406 fugam
288 1342 503 1406 sistebat,
530 1343 576 1391 ni
608 1342 830 1406 legiones
854 1343 1088 1407 proelium
1127 1344 1464 1408 excepissent:
1495 1358 1657 1392 earum
1694 1359 1772 1393 ro·

101 1412 221 1461 bore
253 1420 455 1476 aequata
483 1427 669 1477 pugna,
712 1413 822 1461 dein
856 1413 996 1462 nobis
1035 1427 1126 1478 pro
1151 1412 1356 1461 meliore
1393 1413 1493 1461 fuit.
1554 1413 1771 1476 effugere

99 1481 267 1531 hostes
294 1483 424 1530 tenui
452 1481 649 1545 damno,
693 1483 801 1547 quia
825 1482 1085 1532 inclinabat
1112 1482 1230 1539 dies.
1287 1482 1458 1531 crebra
1488 1482 1599 1531 hinc
1626 1497 1770 1547 proe-

99 1551 190 1614 lia,
217 1558 264 1600 et
289 1553 484 1616 saepius
509 1553 556 1600 in
577 1551 766 1601 modum
793 1552 1034 1602 latrocinii
1061 1568 1150 1618 per
1176 1551 1326 1601 saltus
1353 1567 1442 1617 per
1468 1552 1696 1616 paludes,
1722 1558 1772 1600 ut
1791 1566 1813 1599 ε

101 1622 273 1685 cuique
300 1636 409 1671 sors
440 1629 518 1670 aut
543 1622 710 1685 virtus,
739 1630 921 1671 temere
949 1624 1167 1687 provisu,
1197 1620 1259 1671 ob
1286 1623 1403 1671 iram
1432 1622 1495 1671 ob
1525 1622 1770 1686 praedam,

98 1691 231 1740 iussu
256 1697 304 1740 et
329 1690 582 1756 aliquando
610 1692 792 1756 ignaris
819 1692 1032 1756 ducibus,
1060 1707 1118 1741 ac
1143 1693 1406 1757 praecipua
1434 1691 1642 1741 Silurum
1662 1708 1770 1757 per-

98 1760 301 1810 vicacia.
349 1775 469 1825 quos
507 1761 804 1811 accendebat
842 1762 1036 1826 vulgata
1077 1762 1381 1826 imperatoris
1413 1763 1619 1811 Romani
1654 1777 1770 1824 vox,

99 1838 149 1878 ut
175 1828 410 1894 quondam
437 1831 690 1893 Sugambri
717 1833 869 1880 excisi
898 1839 976 1881 aut
1001 1834 1048 1880 in
1076 1831 1256 1882 Gallias
1281 1831 1471 1880 traiecti
1499 1832 1675 1894 forent,
1706 1833 1772 1880 ita

102 1899 306 1948 Silurum
330 1912 502 1947 nomen
540 1901 727 1963 penitus
763 1901 1151 1964 extinguendum.
1192 1902 1338 1963 igitur
1368 1900 1485 1955 duas
1514 1902 1771 1951 auxiliares
1789 1916 1829 1950 ιο

104 1967 335 2018 cohortes
376 1969 574 2017 avaritia
612 1969 968 2033 praefectorum
1007 1971 1242 2019 incautius
1292 1971 1582 2034 populantes
1626 1972 1771 2020 inter-

103 2052 307 2102 cepere;
341 2037 598 2103 spoliaque
635 2046 681 2087 et
721 2041 944 2103 captivos
969 2038 1222 2103 largiendo
1252 2047 1441 2089 ceteras
1473 2055 1666 2104 quoque
1690 2056 1771 2089 na-

100 2109 257 2156 t10nes
280 2107 340 2156 ad
372 2107 695 2158 defectionem
721 2108 1000 2171 trahebant,
1035 2125 1139 2158 cum
1166 2107 1325 2157 taedio
1358 2124 1576 2158 curarum
1611 2109 1772 2159 fessus

102 2176 322 2226 Ostorius
350 2179 593 2226 concessit
621 2175 733 2241 vita,
763 2178 902 2228 laetis
928 2178 1162 2242 hostibuS,
1188 2186 1424 2242 tamquam
1453 2179 1623 2228 ducem
1648 2179 1772 2228 haud

102 2246 423 2311 spernendum
449 2248 537 2295 etsi
563 2262 660 2296 non
687 2249 939 2313 proelium,
967 2257 1013 2297 at
1040 2255 1173 2298 certe
1199 2247 1378 2296 bellum
1406 2249 1769 2313 absumpsisset.
1790 2266 1830 2300 15

200 2317 284 2366 40.
319 2315 384 2365 At
421 2314 601 2366 Caesar
639 2317 834 2381 cognita
871 2325 1024 2367 morte
1058 2318 1234 2381 legati,
1283 2333 1342 2367 ne
1381 2320 1631 2383 provincia
1669 2320 1772 2367 sine

101 2393 294 2435 rectore
328 2385 481 2449 foret,
523 2385 583 2434 A.
608 2386 798 2436 Didium
826 2388 1029 2437 suffecit.
1076 2388 1117 2436 is
1147 2401 1359 2452 propere
1389 2396 1556 2437 vectus
1583 2403 1678 2437 non
1705 2395 1771 2435 ta-

101 2470 209 2504 men
237 2457 452 2519 integras
477 2471 557 2505 res
583 2458 778 2521 invenit,
806 2458 1008 2507 adversa
1037 2459 1223 2506 interim
1249 2457 1457 2520 legionis
1485 2472 1665 2522 pugna,
1697 2457 1771 2504 cui

101 2525 303 2576 Manlius
329 2525 511 2574 Valens
539 2535 791 2590 praeerat,
831 2536 967 2578 aucta
1001 2542 1154 2592 aeque
1195 2527 1319 2590 apud
1349 2527 1518 2576 hostes
1561 2528 1663 2574 eius
1700 2526 1771 2574 rei

103 2595 243 2658 fama,
284 2609 378 2659 quo
409 2597 677 2651 venientem
704 2595 872 2645 ducem
906 2604 1233 2658 exterrerent,
1277 2604 1421 2659 atque
1451 2596 1535 2643 illo
1565 2602 1809 2659 augentes

104 2664 289 2728 audita,
327 2672 376 2713 ut
415 2667 564 2714 maior
602 2666 705 2714 laus
734 2668 1017 2731 compositis
1053 2666 1156 2728 vel,
1196 2666 1233 2712 si
1273 2665 1596 2728 duravissent,
1630 2666 1773 2714 venia

103 2734 272 2783 iustior
298 2734 600 2783 tribueretur.
654 2734 836 2784 Silures
867 2737 912 2784 id
945 2749 1138 2800 quoque
1167 2734 1381 2782 damnum
1408 2734 1680 2798 intulerant,
1706 2735 1772 2784 la-

96 2809 248 2867 teque
290 2804 643 2868 persultabant,
690 2804 847 2854 donec
892 2805 1095 2854 adcursu
1132 2803 1260 2852 Didii
1303 2804 1616 2868 pellerentur.
1686 2803 1774 2853 sed

106 2879 216 2935 post
242 2881 429 2938 captum
456 2873 736 2923 Caratacum
769 2877 1057 2940 praecipuus
1090 2855 1290 2922 scientia
1324 2875 1394 2921 rei
1435 2874 1649 2922 militaris
1676 2875 1772 2923 Ve-

107 2942 287 3005 nutius,
331 2958 356 2990 e
381 2943 654 3006 Brigantum
694 2945 913 3010 civitate,
952 2952 1001 2993 ut
1040 2958 1184 3009 supra
1220 2945 1510 3005 memoravi,
1558 2945 1773 3008 fidusque
1789 2954 1832 2988 ιο

1469 3014 1577 3062 14*
