1982 3216
560 217 1012 256 COMMENTARIUS
1041 216 1324 255 CRITICUS.
1746 220 1807 256 XI

28 357 32 366 “
103 355 146 396 et
164 354 221 399 29
253 344 260 413 Ι
292 348 442 408 3ipse
475 343 481 412 Ι
516 355 568 396 11
588 349 912 406 interrogare,
937 349 1076 393 em.L
1106 344 1116 413 Ι
1149 354 1205 397 14
1229 349 1415 395 scilicet
1437 385 1447 395 .
1472 385 1482 396 .
1507 357 1811 410 quaereretur

101 424 152 466 ut
170 420 393 478 qlossema
419 420 587 465 notavit
611 417 863 468 Mendoza;
900 421 949 461 at
973 432 1012 464 v.
1037 418 1180 478 Nipp.
1209 422 1257 464 in
1280 421 1351 464 ed.
1382 419 1454 465 ΙΙ.
1487 413 1499 484 Ι
1531 427 1584 471 17
1613 421 1809 476 Quirino

104 488 140 534 L
151 507 168 540 ,·
200 493 249 534 at
275 503 315 534 v.
345 488 485 546 Nipp.

243 556 304 605 31
324 592 339 615 ,
365 563 392 604 2
419 563 465 603 et
489 558 579 604 iam
603 557 722 601 Hm.-
753 559 890 604 etiam
923 558 930 618 Ι
963 565 990 608 3
1017 558 1199 617 possint
1230 558 1236 617 Ι
1271 565 1298 608 6
1327 562 1372 607 in
1399 563 1507 607 add.
1537 563 1812 613 Groslotius;

101 641 204 674 cum
228 641 386 673 mensa
411 626 477 672 Ri
506 621 512 690 Ι
545 633 572 676 9
597 627 775 672 adstitit

242 692 339 756 32,
372 701 401 743 2
435 695 496 742 iis
522 696 736 741 Belclcer:
770 697 843 742 his
886 692 893 759 Ι
934 705 959 745 5
987 698 1184 756 supplic.
1215 697 1344 761 dies]
1381 702 1557 747 videtur
1590 713 1810 747 numerus

99 768 276 813 dierum
306 766 588 811 intercidisse
630 761 637 828 Ι
679 771 706 815 6
731 767 970 812 constituti
999 768 1064 812 F.-
1105 768 1344 815 constituti
1371 776 1446 828 ut,
1483 772 1605 829 quod
1641 772 1707 817 W
1730 771 1808 816 de-

95 838 245 897 fendit
275 849 466 895 zeuyma
499 841 733 888 statuerem
767 837 1022 882 constituti.
1058 842 1104 881 et
1126 837 1181 881 M
1219 830 1228 899 Ι
1271 840 1460 886 cordiae
1500 834 1508 904 Ι
1550 846 1579 889 8
1612 841 1719 887 Piso
1747 840 1809 886 G.-

99 907 132 952 P
165 902 171 971 Ι
206 912 261 956 12
286 907 495 953 delectus

240 972 335 1034 33,
373 980 403 1024 4
429 976 571 1023 sirica
615 971 623 1037 Ι
668 983 720 1025 15
748 976 871 1023 sicut
901 977 1008 1021 add.
1047 977 1252 1029 Urlichs;
1287 979 1371 1024 sed
1397 983 1475 1037 ut,
1512 980 1590 1039 qui
1630 980 1694 1037 N,
1724 982 1809 1026 sed

98 1053 148 1093 ut
178 1052 225 1093 et
251 1046 371 1092 locis
399 1080 409 1090 .
441 1080 451 1090 .
482 1047 777 1093 antistant‘et
802 1046 906 1092 aliis
936 1061 1053 1105 quae
1078 1046 1154 1091 He
1164 1065 1179 1098 ;
1205 1049 1362 1107 possis
1387 1051 1544 1094 etiam.-
1581 1051 1667 1097 sed
1698 1064 1807 1108 quo,

99 1122 147 1162 ut
172 1116 290 1163 locis
317 1122 401 1161 ete.
433 1141 489 1149 —
520 1118 608 1161 Bz.
635 1129 829 1162 servans
855 1119 1135 1174 scripturam
1159 1118 1326 1162 codicis
1351 1121 1575 1178 explicat.-
1612 1120 1807 1166 distinc-

98 1193 171 1232 tos
199 1201 237 1232 s.
267 1192 314 1232 et
338 1200 380 1232 e.
409 1200 603 1244 census,
639 1200 730 1232 non
768 1187 874 1244 quia
911 1187 1087 1232 diversi
1125 1191 1286 1234 natura
1317 1187 1437 1246 sint,
1475 1190 1559 1234 sed
1585 1191 1719 1248 quia,
1759 1195 1808 1234 ut

98 1256 217 1302 locis
246 1289 291 1300 ..
324 1256 571 1314 antistent,
607 1256 670 1302 ita
710 1256 769 1301 iis
807 1260 888 1300 ete.
944 1252 950 1318 Ι
1005 1261 1060 1321 lt}
1097 1256 1160 1303 ita
1199 1257 1256 1302 iis
1293 1258 1513 1315 Ruperti.-
1545 1259 1696 1305 .Talis
1735 1256 1809 1319 (et

98 1326 203 1370 aliis
233 1325 438 1382 Grotius,
469 1327 534 1372 ita
561 1326 665 1372 aliis
690 1323 755 1386 P)

240 1392 334 1452 34,
382 1402 404 1442 1
448 1397 493 1441 L.
538 1396 644 1455 ipso
689 1395 904 1441 ambitum
953 1395 1057 1442 for'e
1107 1391 1115 1460 Ι
1171 1403 1227 1444 10
1261 1397 1331 1443 illi
1382 1392 1389 1461 Ι
1441 1398 1671 1444 abscessit
1710 1399 1805 1444 JG:

99 1464 319 1510 abscissit
356 1461 564 1525 (abstitit
597 1462 765 1525 Aldus)
809 1461 813 1527 Ι
858 1471 913 1514 18
948 1480 1098 1525 neque
1138 1465 1311 1512 Caesar
1343 1467 1579 1525 inglorius
1616 1474 1661 1512 et
1698 1469 1804 1514 Piso

99 1534 273 1580 maiore
292 1534 336 1578 D
357 1544 364 1548 ·

144 1606 148 1609 “
239 1599 333 1660 35,
368 1608 398 1651 4
422 1608 492 1648 ut:
530 1605 657 1662 quod
693 1605 762 1660 W,
792 1619 892 1649 cum
918 1605 1045 1651 Nolle
1077 1603 1180 1666 (et.
1208 1640 1218 1649 .
1247 1606 1351 1650 fore
1376 1602 1474 1660 JG)
1507 1602 1515 1669 Ι
1548 1611 1576 1654 8
1605 1606 1732 1652 italia
1761 1612 1806 1652 et

14 1657 22 1664 ”
99 1673 141 1717 ei
170 1673 274 1718 adn.

239 1739 335 1799 36,
373 1747 402 1790 4
433 1744 537 1788 dum
577 1737 586 1807 Ι
627 1747 653 1791 7
681 1748 894 1800 auretur,
929 1756 1012 1788 em.
1042 1745 1087 1789 R
1119 1740 1128 1808 Ι
1163 1751 1217 1794 13
1239 1747 1470 1791 honorum
1504 1739 1512 1808 Ι
1544 1750 1598 1793 14
1622 1746 1805 1804 quintu-

98 1811 264 1870 plicari
293 1812 333 1856 L

238 1877 337 1938 37,
376 1888 398 1929 1
427 1895 517 1939 quo
543 1881 616 1926 R.-
658 1883 780 1940 quod
812 1876 820 1944 Ι
855 1887 908 1930 19
937 1882 1180 1944 interimq3
1211 1886 1458 1942 hortensq;

238 1947 304 1996 38
323 1984 337 2007 ,
378 1956 430 1998 12
455 1952 768 1996 transmittere
793 1951 1050 2009 Gryphius:
1090 1954 1364 1999 transmerei
1393 1952 1675 2015 (transferre
1700 1955 1801 2000 Hil-

99 2017 191 2080 ler)
226 2015 233 2083 Ι
267 2024 324 2067 20
348 2020 540 2065 adnesta
575 2019 580 2076 Ι
614 2025 664 2066 21
696 2021 920 2079 excipere
951 2015 959 2085 Ι
993 2026 1049 2070 28
1076 2024 1388 2081 dilaberetur,
1416 2036 1500 2068 em.
1527 2025 1570 2068 Ε

238 2086 332 2145 39,
370 2093 395 2137 7
441 2094 618 2148 patrata
644 2089 717 2134 R.-
756 2095 914 2148 parata
958 2091 965 2151 Ι
1005 2098 1033 2140 8
1062 2091 1225 2138 Cosam
1253 2094 1313 2137 L.-
1350 2106 1505 2138 coram
1539 2106 1600 2137 ex
1637 2107 1762 2139 corr.
1792 2088 1801 2158 Ι

99 2163 154 2206 12
188 2159 486 2204 sermonilius
519 2161 525 2215 Ι
560 2157 656 2215 40,
684 2165 711 2208 3
737 2165 866 2205 catus
899 2159 907 2223 Ι
941 2169 965 2209 5
993 2176 1122 2207 suum
1148 2163 1234 2206 del.
1258 2162 1315 2206 M
1342 2157 1347 2225 Ι
1380 2168 1406 2210 9
1433 2162 1588 2219 diligit
1610 2162 1720 2221 fort.
1743 2175 1805 2208 ex

99 2225 265 2286 dilegit
295 2221 303 2290 Ι
338 2236 393 2276 10
419 2229 610 2274 aderant
1159 2240 1164 2244 ·

0 2333 7 2353 -.
239 2294 300 2342 41
320 2332 333 2354 ,
361 2306 383 2347 1
408 2298 615 2344 saturnio
638 2305 889 2358 praecepta
924 2296 929 2362 Ι
963 2306 990 2349 3
1011 2300 1157 2346 fortes
1193 2297 1199 2362 Ι
1233 2300 1479 2348 6Caecilio
1507 2301 1804 2347 Ver-cranius·

100 2367 252 2412 caelio
286 2362 292 2430 Ι
325 2372 351 2415 7
382 2382 423 2414 a.
452 2369 495 2413 d.
520 2367 582 2411 L.-
617 2369 676 2412 ad
708 2363 713 2429 Ι
751 2375 801 2415 11
830 2370 1069 2427 arrigebat
1094 2370 1163 2414 He

19 2431 21 2434 ’
239 2433 333 2493 42,
374 2442 428 2484 12
465 2438 523 2482 ad
554 2438 892 2495 deprecandum
916 2439 989 2483 He
1021 2440 1027 2502 Ι
1062 2445 1118 2488 13
1152 2440 1231 2484 ille
1267 2453 1467 2496 gnarus,
1505 2453 1588 2484 em.
1612 2439 1655 2484 R
1698 2435 1706 2503 Ι
1751 2446 1805 2489 16

100 2505 264 2550 nudum
307 2499 317 2570 Ι
362 2503 457 2563 43,
491 2511 546 2553 21
573 2506 807 2553 insectans
843 2509 914 2552 Bz
943 2514 985 2552 et
1014 2509 1200 2567 Madvig]
1227 2508 1323 2566 (ep.
1355 2511 1457 2553 crit.
1496 2510 1560 2554 ad
1590 2508 1805 2554 Orellium

94 2587 145 2632 p.
172 2571 254 2634 80)
272 2609 285 2632 ,
312 2575 535 2621 insectari
561 2574 655 2620 Hm
666 2594 682 2626 ,·
718 2578 892 2622 videtur
926 2580 1042 2623 enim
1077 2579 1122 2623 di
1157 2580 1205 2622 in
1236 2578 1497 2623 insectandi
1524 2591 1586 2622 ex
1614 2590 1707 2636 seq.
1734 2579 1804 2623 di-

8 2668 22 2717 >s
99 2642 200 2688 visa
224 2644 343 2688 male
366 2646 603 2702 repetitum
626 2650 668 2689 et
692 2648 757 2689 sic
780 2646 937 2703 forma
963 2653 1186 2704 corrupta
1211 2659 1323 2691 esse.
1375 2647 1559 2691 Diversi
1578 2652 1684 2691 sunt
1705 2649 1803 2704 loci,

7 2721 40 2766 't'
98 2713 277 2769 qualem
303 2715 530 2758 contendit
553 2713 818 2773 Nipperdey
847 2721 898 2771 l,
926 2721 1004 2764 67:
1044 2715 1265 2774 temporis
1303 2729 1356 2760 ac
1382 2716 1679 2762 necessitatis
1705 2716 1804 2763 mo-

100 2786 192 2826 net.
254 2782 436 2827 Tacitus
466 2782 605 2829 verba
635 2784 848 2827 monendi
875 2797 976 2828 cum
1004 2786 1218 2843 infinitivo
1247 2786 1434 2841 iunqere
1469 2786 1594 2848 solet.
1647 2787 1806 2830 Attulit

11 2838 29 2875 Ψ
100 2851 248 2895 tamen
272 2851 366 2897 Otto
392 2863 454 2896 ex
477 2852 648 2897 Donati
662 2853 822 2910 praef.
849 2854 912 2896 act
938 2855 978 2898 T
975 2867 1041 2898 er.
1067 2852 1254 2910 Adelph.
1280 2868 1419 2897 unum
1446 2854 1614 2898 locum.-
1646 2856 1803 2900 admo-

0 2899 30 2994 33
102 2917 222 2965 nitus
249 2920 447 2966 abeundi
479 2914 486 2982 Ι
521 2925 574 2968 25
602 2922 793 2967 materni
822 2922 888 2966 R.-
926 2928 1070 2968 mater
