1982 3216
525 196 977 235 COMMENTARIUS
1009 196 1290 235 CRITICUS.
1399 249 1403 254 ι
1661 199 1771 237 XIII

213 325 307 384 67,
343 334 371 376 3
405 328 451 372 in
482 328 617 386 gregi
660 321 667 391 Ι
708 332 734 376 7
761 332 803 372 et
837 333 864 376 9
898 332 1059 384 cotys,
1098 329 1153 372 de
1192 342 1282 386 qua
1318 331 1509 387 yenetivi
1539 329 1696 387 forma
1729 344 1769 375 v.

75 397 170 444 otto
193 399 256 442 ad
277 398 321 441 h.
345 399 372 443 l.
407 392 414 460 Ι
449 405 503 446 10
530 397 842 453 trebellenus,
869 401 917 440 at
942 412 983 442 v.
1009 403 1062 454 3,
1094 403 1172 449 38;
1213 403 1265 455 6,
1295 404 1351 447 39

211 463 306 524 68,
342 473 370 514 2
397 467 503 512 dein
532 466 631 510 He.-
669 466 827 511 indein
853 463 986 526 (inde
1016 465 1273 527 Wopkens)

212 533 305 593 69,
342 542 372 584 4
405 537 747 581 intentabantur
782 536 965 580 Wurm:
1003 537 1342 594 temptabantur
1381 530 1391 601 Ι
1431 543 1460 586 8
1484 536 1770 595 degreditur,

70 619 154 651 em.
187 606 225 650 L
257 604 264 664 Ι
298 610 354 653 14
388 607 496 650 tabo
521 605 586 653 L.-
622 604 688 663 cf.
722 604 904 668 Placidi
932 606 1069 663 yloss.
1109 602 1266 666 (Auct-
1296 608 1433 651 class.
1465 608 1535 652 ed.
1569 606 1670 650 Mai
1690 606 1769 661 VI,

71 672 208 735 573):
243 671 434 731 ‘tabes,
474 687 613 719 cruor
640 671 908 731 sanguinis«,
949 675 1134 719 morbus
1162 675 1354 733 maciei,
1386 674 1685 733 aegritudo';
1727 688 1769 719 v.

71 750 220 789 tamen
254 744 421 789 Walth.
449 745 513 788 ad
533 743 581 788 h.
609 745 639 789 l.
675 742 681 802 Ι
715 744 941 789 maleficia
970 743 1015 787 B

211 811 305 870 70,
338 819 365 862 9
390 828 477 858 nec
502 814 608 872 ipso
636 818 835 858 maratus
869 807 878 874 Ι
911 819 967 861 10
991 826 1082 870 quo
1108 813 1152 858 R
1179 811 1250 873 (in
1277 812 1442 873 nom).-
1484 814 1560 871 qui

212 879 304 940 72,
341 889 370 931 3
395 883 686 928 summitterit
709 887 816 926 teste
844 881 993 926 Belck.
1030 880 1037 940 Ι
1070 887 1097 930 6
1124 883 1475 928 cumiacentium

211 949 307 1010 73,
345 958 370 1000 5
399 966 573 1010 genere
609 951 782 1009 insigni
822 950 872 994 N
889 952 996 995 incl.
1039 949 1045 1009 Ι
1090 956 1142 999 17
1179 952 1593 1010 interpraetantur3
1623 963 1764 1009 prae-

69 1035 174 1067 sens
200 1027 352 1067 tuetur
386 1022 513 1066 Win
537 1035 584 1065 n.
611 1034 719 1065 ann.
738 1019 827 1078 ph.
851 1024 895 1063 et
910 1034 962 1077 p.
989 1022 1072 1065 vol.
1099 1025 1182 1077 52,
1210 1026 1265 1069 29

211 1089 307 1148 74,
345 1096 372 1138 2
401 1090 682 1136 modicensis
707 1090 829 1134 inter
861 1083 868 1151 Ι
903 1088 932 1133 7
939 1086 1000 1146 5,
1027 1096 1053 1138 5
1082 1095 1363 1135 uenerantes
1393 1088 1713 1146 gratantisque

210 1158 305 1217 77,
341 1165 369 1203 4
404 1174 536 1219 quam
561 1160 670 1204 add.
698 1159 736 1203 L
768 1160 814 1202 in
851 1159 922 1202 ed.
960 1161 1111 1218 160ος
1152 1159 1216 1217 cf.
1247 1158 1423 1203 Heraea·
1453 1157 1567 1203 stud.
1603 1160 1703 1203 crit.
1734 1158 1771 1213 1,

71 1236 154 1279 165
182 1226 343 1289 (quem
368 1229 535 1274 iustius
563 1243 686 1274 arma
713 1242 769 1272 eo
798 1240 959 1285 oppos.
993 1228 1070 1286 qui
1098 1226 1191 1288 Bz)

211 1296 306 1356 79,
340 1303 369 1345 4
392 1298 558 1342 Vibius
588 1298 659 1342 R.-
689 1297 886 1342 uibimus

210 1365 303 1424 80,
343 1376 365 1416 1
395 1368 524 1412 fecus
567 1360 576 1430 Ι
618 1372 645 1415 3
672 1365 946 1411 Celenderis
977 1366 1022 1410 B
1063 1364 1070 1426 Ι
1113 1372 1141 1415 6
1166 1367 1482 1426 prouinciam,
1518 1378 1602 1410 em.
1627 1365 1672 1410 R
1706 1364 1713 1424 Ι
1745 1371 1773 1414 9

71 1438 199 1485 aciae
225 1435 399 1498 (aciem
424 1433 494 1496 D)
528 1429 538 1500 Ι
572 1442 626 1485 14
649 1435 842 1480 militum
874 1435 973 1492 vis,
1000 1435 1109 1481 inde
1132 1435 1191 1480 M
1217 1432 1223 1499 Ι
1258 1441 1312 1486 16
1349 1437 1407 1482 ad
1437 1435 1545 1480 add.
1580 1436 1662 1484 W;
1698 1440 1774 1480 aut

71 1508 269 1552 subitum
303 1507 350 1550 in
386 1520 516 1551 usum
539 1506 609 1557 D,
651 1505 708 1551 ad
750 1505 855 1549 suh.
894 1518 1023 1549 usum
1057 1502 1180 1565 (sine
1206 1504 1307 1566 aut)
1346 1507 1476 1564 vulyo
1519 1499 1527 1566 Ι
1573 1509 1627 1552 18
1652 1504 1771 1549 enim

70 1581 278 1621 terentur
312 1569 318 1638 Ι
352 1576 541 1621 scilices
570 1587 695 1619 corr.
722 1587 782 1618 ex
807 1574 992 1619 scilicet

210 1642 305 1701 81,
338 1651 364 1692 5
391 1644 595 1702 legionis
624 1657 797 1689 uocans
836 1648 999 1688 sextae
1043 1638 1050 1705 Ι
1092 1648 1121 1691 8
1144 1644 1302 1690 hastas
1338 1648 1385 1688 et
1416 1657 1528 1690 saxa
1565 1648 1612 1688 et
1644 1643 1772 1688 faces

68 1715 139 1760 vel
162 1716 319 1761 hastas
345 1728 457 1759 saxa
493 1714 621 1759 faces
647 1715 762 1758 coni.
810 1712 1084 1771 Wesenberg
1109 1716 1155 1757 in
1181 1713 1354 1757 emend.
1389 1712 1480 1758 Cic.
1511 1713 1649 1758 Tusc.
1672 1711 1771 1768 III,

68 1799 116 1844 p.
142 1787 196 1829 19
219 1784 319 1828 coll.
343 1787 397 1840 4,
423 1787 504 1832 49:
545 1797 657 1828 saxa
682 1783 843 1828 hastae
868 1782 1003 1839 ignes
1037 1780 1044 1841 Ι
1077 1788 1103 1830 9
1129 1783 1363 1828 utiraditis

210 1848 304 1909 82,
344 1858 367 1899 1
409 1852 707 1911 percrebuit,
749 1855 801 1895 ut
832 1856 914 1906 12,
956 1856 1007 1904 63
1057 1859 1140 1908 15,
1185 1857 1262 1904 19;
1304 1856 1464 1896 contra
1509 1855 1578 1896 est
1614 1849 1772 1909 forma

70 1922 343 1981 percrebrui
378 1927 433 1978 6,
465 1927 522 1974 20
558 1925 600 1965 et
634 1922 696 1965 H.
737 1926 788 1976 2,
829 1925 911 1972 263
945 1922 1051 1965 add.
1081 1922 1386 1966 crebrescere
1410 1925 1463 1978 2,
1490 1925 1570 1972 39;
1605 1926 1660 1977 3,
1690 1925 1770 1969 6οε

69 1991 131 2037 Η.
158 1996 210 2047 2,
236 1994 315 2042 67;
356 1995 411 2047 4,
437 1995 493 2038 12
525 1983 532 2053 Ι
566 1995 622 2038 18
646 1990 899 2047 temptores
934 1984 940 2053 Ι
972 1991 1089 2035 iuvit
1109 1991 1148 2035 L
1180 1989 1187 2050 Ι
1220 1996 1277 2038 20
1300 1990 1407 2051 fajsi

211 2056 304 2116 83,
342 2065 369 2106 2
405 2059 566 2106 saltari
597 2052 609 2122 Ι
640 2065 667 2107 3
693 2059 936 2103 austalium
969 2055 975 2122 Ι
1007 2064 1032 2107 7
1062 2073 1225 2106 amono
1258 2053 1266 2119 Ι
1299 2066 1326 2109 9
1353 2060 1644 2118 epidaphene
1682 2071 1772 2117 quo

69 2129 288 2174 inlocum
330 2127 337 2190 Ι
383 2135 438 2176 10
464 2130 699 2174 coleretur
725 2129 769 2172 B
810 2120 818 2190 Ι
861 2135 915 2176 13
942 2129 1239 2174 adseveravit
1260 2129 1354 2174 JG:
1391 2128 1628 2173 adserauit
1666 2123 1675 2191 Ι
1718 2133 1773 2177 16

70 2212 276 2244 cumeum

211 2265 307 2325 84,
353 2273 381 2314 2
419 2267 584 2312 uiriles
624 2281 764 2312 sexus
805 2264 970 2328 (virile
1007 2281 1143 2312 secus
1177 2268 1215 2312 J
1223 2267 1283 2321 G,
1331 2267 1398 2325 cf.
1439 2266 1616 2311 Hercei
1653 2268 1770 2312 stud.

70 2339 168 2381 crit.
196 2338 242 2394 Ι,
265 2334 350 2398 41)

210 2403 305 2464 85,
343 2411 368 2456 7
396 2412 585 2464 exacta,
616 2420 700 2451 em.
734 2406 1007 2451 Verlram'us
1039 2400 1045 2469 Ι
1080 2413 1136 2455 10
1161 2406 1264 2451 sitis

210 2472 306 2532 86,
341 2482 370 2524 4
394 2477 595 2522 Domitio
622 2476 683 2520 L.-
722 2476 918 2521 comicio
951 2469 959 2539 Ι
991 2483 1017 2523 5
1044 2476 1247 2535 poli0nis
1275 2475 1371 2529 hic,
1397 2480 1447 2519 ut
1469 2487 1630 2520 nomen
1652 2477 1771 2520 scri-

0 2593 3 2595 ,
70 2545 263 2591 bendum
287 2558 384 2590 esse
398 2548 645 2604 praecepit
667 2545 994 2590 Lachmannus
1019 2547 1066 2589 in
1091 2545 1257 2590 Comm.
1283 2547 1330 2588 in
1355 2544 1536 2588 Lucret.
1559 2558 1606 2601 p.
1629 2550 1699 2592 33.

2 2675 3 2678 Ἰ
210 2612 276 2662 88
292 2649 305 2673 ,
343 2622 367 2664 1
396 2615 701 2672 senioresque
721 2614 760 2658 L
781 2619 824 2659 el
839 2615 1028 2665 Douzcu
1057 2619 1337 2671 senatusque
1360 2613 1610 2658 eorundem
1632 2618 1768 2671 temp.

4 2680 6 2682 ’
71 2685 186 2730 actis
230 2684 490 2731 Gandestrii
530 2684 627 2740 Bz,
670 2697 774 2727 cum
809 2696 971 2728 nomen
1004 2686 1231 2740 prz'ncvpis
1271 2682 1532 2727 Clzallorum
1572 2684 1772 2726 vitiosum

71 2766 168 2799 esse
192 2754 407 2812 adfirmet
435 2753 638 2797 Jacobus
670 2753 839 2797 Grimm
854 2772 867 2803 ;
909 2768 951 2798 v.
974 2751 1255 2809 Mizllenlzoff
1272 2753 1318 2794 in
1345 2751 1393 2794 Z.
1420 2750 1459 2807 f.
1489 2751 1533 2796 d.
1562 2751 1647 2795 All.
1678 2749 1769 2803 IX,

0 2857 4 2864 .
73 2825 169 2868 224
202 2822 209 2881 Ι
242 2829 269 2871 3
294 2823 484 2868 armenii
512 2828 556 2866 et
575 2828 603 2870 8
626 2823 897 2880 armenius;b
917 2836 956 2865 v.
985 2823 1047 2864 acl
1068 2827 1084 2866 l
1105 2855 1117 2877 ,
1146 2828 1199 2868 55
1234 2814 1240 2881 Ι
1278 2824 1330 2867 18
1354 2819 1503 2864 FINIT
1533 2819 1692 2864 LIBER
1712 2819 1770 2863 11.

71 2890 116 2936 P.
149 2891 409 2937 CORNELY
434 2885 455 2955 ΙΙ
484 2891 689 2936 INCIPIT
716 2891 877 2936 LIBER
901 2892 975 2935 ΙΙΙ.
1002 2889 1308 2934 FELICITER.
