1982 3216
625 191 1076 230 COMMENTARIUS
1118 189 1397 229 ORITJOUS.
1794 194 1856 232 IX

154 324 420 371 Strombeclc
452 324 744 369 coniectando
786 325 1045 379 invenerat,
1088 324 1116 366 i.
1147 336 1183 368 e.
1222 324 1525 369 sacerdotium
1565 325 1780 370 Caesaris
1818 330 1860 370 el

152 395 366 454 Auyusti,
412 407 503 439 non
541 406 750 439 verorum
791 393 993 438 deorum.
1059 391 1128 450 Cf.
1168 395 1299 437 etiam
1325 393 1526 452 Spenyel
1556 396 1584 440 l.
1623 408 1662 439 c.
1692 410 1737 454 p.
1764 399 1817 442 21
1850 389 1857 456 Ι

153 468 208 512 14
235 469 562 510 exsecraturos
603 462 763 508 Wurm
797 462 804 522 Ι
840 459 931 519 60,
958 467 986 510 8
1013 462 1218 520 classes,
1248 475 1331 508 em.
1358 463 1397 507 L

294 530 388 592 61,
422 538 447 582 7
476 532 757 579 deformides
797 530 1061 592 (deformis.
1092 531 1200 577 inde
1238 533 1448 591 proxima
1475 533 1585 578 Vari
1621 529 1718 593 Bz)
1764 531 1770 591 Ι
1804 537 1860 580 12

153 603 288 649 simul
320 637 330 647 .
362 635 373 646 .
401 617 484 649 ora
509 604 790 659 transposuit
812 602 886 646 He
901 607 1010 659 post
1032 607 1347 647 mactaverant
1371 616 1410 647 v.
1442 606 1498 649 14
1539 596 1548 664 Ι
1592 608 1646 651 19
1684 603 1858 647 inluse-

152 673 245 716 rint
273 673 491 719 Heraeus
523 674 529 727 Ι
564 668 657 728 63,
686 678 736 719 11
766 671 979 728 legiones
1009 705 1018 715 .
1052 705 1061 714 .
1091 677 1301 730 reportat
1329 672 1500 717 Ninol.

293 738 386 799 64,
412 746 437 790 6
460 742 664 787 liberare
696 738 704 804 Ι
736 746 763 788 8
783 746 871 785 tam
904 735 910 801 Ι
945 736 1009 785 65
1027 775 1039 797 ,
1067 745 1095 788 8
1121 741 1412 787 intendentes
1438 738 1695 801 (tendentis
1722 741 1817 797 He)
1850 734 1857 804 Ι

151 818 206 860 15
234 811 487 870 eodemque
515 811 604 856 Ri:
637 816 682 855 et
718 810 973 868 eodemque
1011 808 1083 870 (et
1113 810 1275 855 eodem
1299 811 1358 864 L,
1400 817 1445 856 et
1485 824 1575 856 uno
1605 812 1859 869 eodemque

150 881 370 926 Frolzlich
399 883 443 925 in
475 880 766 925 ‘Mitnclmer
786 881 871 938 θεῖ.
901 878 1158 937 Anzeiyen’
1191 884 1303 929 1839
1331 894 1447 926 num.
1485 885 1536 927 81
1566 895 1611 938 p.
1640 885 1749 933 6523
1791 885 1860 926 est

152 951 405 1009 eodemque
429 950 519 1006 He,
545 954 595 995 ut
611 950 684 994 Bz
702 955 1016 1007 proposuerat
1038 951 1085 993 in
1114 949 1204 994 obe.
1237 950 1364 1006 Tac„
1389 963 1526 1008 qaam
1551 952 1860 994 coniecturam

141 1025 305 1078 postea
342 1021 440 1078 ipse
473 1021 726 1076 damnavit,
763 1034 803 1064 v.
830 1019 1022 1077 Emend.
1053 1019 1138 1063 del.
1169 1033 1222 1076 p.
1264 1016 1358 1087 18).
1416 1019 1630 1081 Similiter
1654 1024 1857 1065 erratum

150 1091 286 1134 estin
313 1089 376 1134 H.
407 1093 463 1145 4,
495 1094 586 1144 54,
632 1089 710 1134 ubi
731 1088 857 1134 Med.
887 1089 1042 1133 habet.-
1074 1102 1158 1148 per
1187 1088 1358 1135 Gallias
1389 1095 1434 1134 et
1460 1089 1817 1148 Germaniasque
1849 1082 1857 1150 Ι

149 1163 205 1207 26
231 1159 423 1204 amissa:
455 1159 566 1218 fort.
604 1159 818 1216 amissis,
858 1171 976 1217 quae
1017 1160 1142 1203 lectio
1174 1159 1227 1203 ob
1255 1171 1449 1217 sequens
1476 1174 1592 1218 quae
1626 1160 1858 1205 obliterata

149 1228 322 1273 videtur
353 1221 360 1291 Ι
394 1243 479 1288 per
505 1243 622 1287 quae
651 1229 860 1291 egeritur
885 1229 955 1273 R.-
981 1243 1158 1287 perque
1186 1229 1365 1286 geritur
1610 1221 1614 1225 ’

292 1293 386 1355 66,
416 1305 470 1345 10
495 1299 751 1343 docuerant
773 1298 846 1342 He
879 1292 887 1361 Ι
920 1294 1014 1355 68,
1043 1303 1099 1345 14
1124 1299 1445 1356 offenduntur,
1474 1311 1556 1343 em.
1586 1298 1630 1344 R

291 1363 385 1425 69,
411 1372 439 1416 8
463 1367 610 1426 gratis
636 1367 746 1412 Hm.
777 1366 854 1428 (ut
881 1373 925 1424 6,
954 1364 1033 1426 2);
1060 1373 1217 1425 grates
1252 1364 1258 1430 Ι
1293 1375 1349 1416 10
1376 1369 1527 1414 studia
1554 1369 1659 1413 add.
1687 1369 1744 1422 D,
1777 1368 1860 1414 mi-

149 1435 275 1481 litem
300 1439 416 1482 coni.
442 1438 507 1491 B,
536 1437 728 1482 militum
759 1438 953 1495 gratiam
979 1437 1052 1481 He
1062 1456 1078 1487 ;
1104 1437 1168 1496 ef.
1194 1437 1372 1482 Her-aei
1392 1439 1508 1483 stud.
1539 1440 1641 1483 crit.
1667 1439 1713 1496 Ι,
1741 1444 1810 1489 68.

291 1503 383 1564 70,
412 1511 467 1554 14
493 1508 548 1552 ab
577 1507 841 1566 inprudenti
873 1507 936 1551 L.-
976 1522 999 1552 a
1028 1507 1243 1565 prudenti
1270 1503 1353 1567 (ab
1381 1508 1483 1552 rudi
1513 1508 1769 1561 Frelzerus‘,
1803 1509 1857 1553 ah

150 1576 335 1622 audenti
361 1575 637 1632 PaldamuS,
665 1577 869 1621 insciens
908 1591 932 1622 a
963 1577 1177 1635 prudenti
1207 1576 1273 1626 P,·
1299 1591 1360 1621 an
1384 1591 1482 1636 sap.
1518 1578 1573 1623 ab
1602 1571 1821 1637 ruente?)
1848 1572 1857 1639 Ι

151 1651 204 1694 19
227 1645 352 1690 illic:
382 1646 479 1691 illis
499 1647 543 1690 B
577 1641 583 1709 Ι
618 1651 669 1693 21
693 1646 916 1703 Visurgin
941 1646 1047 1690 incl.
1067 1645 1173 1703 Mr,
1202 1646 1442 1704 Unsingim
1462 1647 1639 1705 Altiny,
1669 1647 1859 1692 Vidrum

148 1714 199 1767 L,
227 1713 293 1773 cf.
328 1715 487 1761 Ulcerli
506 1729 661 1774 9e09r.
693 1715 967 1760 Germaniae
988 1730 1040 1773 p.
1066 1721 1163 1765 139.

291 1781 387 1842 72,
414 1790 440 1833 6
467 1785 619 1831 dictan
647 1799 747 1830 cum
774 1800 795 1831 s
820 1798 924 1843 sup.
956 1786 1058 1837 lin..
1087 1797 1169 1829 em.
1200 1783 1258 1828 M
1282 1778 1289 1849 Ι
1325 1790 1350 1834 9
1380 1790 1456 1837 aut
1480 1786 1554 1831 B:
1581 1791 1631 1831 ut

292 1850 386 1919 73„
413 1860 439 1903 9
475 1869 638 1900 numen
665 1856 728 1899 F.-
761 1868 925 1900 nomen
960 1847 967 1918 Ι
1002 1851 1095 1911 74,
1126 1860 1148 1900 1
1180 1854 1318 1899 Marc.
1359 1856 1687 1914 proconsulem
1716 1856 1856 1900 male-

150 1922 225 1966 bat
248 1922 286 1966 L
329 1917 336 1982 Ι
378 1930 433 1970 10
467 1924 794 1970 insimulabant
825 1924 876 1968 N
913 1923 920 1982 Ι
961 1929 1017 1970 22
1052 1923 1366 1982 paenitentiae
1396 1923 1564 1983 H‚-0f.
1616 1925 1775 1971 Wurm
1813 1926 1858 1969 in

150 1990 315 2036 Philol.
351 1991 498 2049 VIII,
529 1996 626 2039 367
653 1998 695 2038 el
717 1993 816 2047 IX,
846 1995 902 2038 99
934 1987 942 2057 Ι
976 1993 1134 2038 retulit
1158 1992 1208 2037 N

292 2059 385 2119 75,
413 2067 441 2110 3
460 2076 654 2121 praeces
684 2062 936 2108 constituas
965 2067 1011 2107 et
1034 2063 1137 2107 dum
1168 2054 1179 2125 Ι
1209 2066 1238 2109 4
1268 2062 1508 2109 severitati
1533 2064 1580 2108 F

292 2128 387 2189 76,
418 2137 445 2180 9
470 2131 725 2191 praesidit,
763 2146 801 2177 v.
834 2132 897 2176 ad
924 2139 975 2189 1,
1003 2137 1059 2180 30
1103 2124 1111 2194 Ι
1158 2137 1211 2178 10
1235 2131 1281 2176 in
1309 2132 1415 2176 add.
1447 2134 1493 2176 in
1518 2147 1691 2192 mar9.;
1717 2133 1859 2191 vulgo

154 2199 191 2245 G
223 2195 230 2263 Ι
264 2207 316 2249 15
345 2215 528 2259 quoque
555 2201 619 2245 L.-
660 2202 781 2259 quod
826 2195 831 2263 Ι
877 2198 972 2258 77,
1006 2208 1026 2247 1
1060 2205 1139 2245 aut
1163 2201 1375 2259 proximo
1407 2206 1486 2246 aut
1510 2202 1668 2261 priore
1706 2202 1856 2247 delen-

151 2269 259 2315 dum
284 2271 518 2316 videbatur·
545 2271 818 2316 Burmanno
846 2272 909 2316 ad
934 2269 1059 2315 Suel.
1092 2269 1252 2315 Claud.
1283 2275 1340 2319 33
1383 2265 1390 2334 Ι
1433 2275 1461 2317 2
1489 2276 1561 2316 set
1585 2272 1647 2316 L.-
1676 2277 1721 2317 et
1754 2267 1760 2333 Ι
1805 2279 1855 2320 11

151 2338 410 2397 infringere
439 2340 590 2386 edicta
630 2341 794 2386 Wurm
828 2335 834 2404 Ι
870 2346 922 2389 16
950 2340 1096 2386 exitio

291 2403 357 2453 78
374 2443 387 2467 ,
414 2415 436 2458 1
464 2411 782 2456 terraconensi
813 2416 921 2459 teste
946 2408 1160 2455 Beklcero
1311 2467 1315 2471 Β

292 2475 386 2535 79,
414 2483 441 2527 6
471 2485 575 2524 ante
602 2485 805 2525 manates
832 2477 1155 2537 (Antemnates
1184 2479 1289 2522 mal.
1315 2475 1382 2538 P)
1419 2475 1426 2537 Ι
1458 2484 1486 2528 8
1507 2480 1729 2525 deductus
1764 2474 1771 2543 Ι
1806 2485 1860 2528 13

153 2548 411 2593 sociorum:
439 2548 659 2594 maiorum
686 2549 737 2593 N
764 2555 769 2599 l
804 2554 855 2598 17
889 2549 1194 2606 concederet,
1222 2559 1304 2592 em.
1334 2548 1371 2591 L

292 2611 385 2674 80,
414 2621 443 2664 4
471 2617 658 2675 uariae,
683 2631 768 2663 em.
798 2619 869 2663 He
889 2623 1142 2675 praeeunte
1160 2617 1390 2668 Acidalio,
1415 2619 1493 2674 qui
1506 2619 1750 2676 proposuit
1774 2632 1857 2662 va—

155 2683 223 2730 rie
266 2686 503 2732 trahuntur
550 2681 559 2750 Ι
611 2683 665 2732 81
692 2722 704 2743 ,
746 2695 800 2734 10
845 2688 889 2732 ἰῐι
935 2687 1140 2745 spetiosa
1185 2680 1194 2748 Ι
1246 2691 1302 2735 13
1345 2685 1493 2730 FlNlT
1532 2687 1578 2731 P.
1617 2686 1856 2732 CORNELI

153 2754 253 2800 LIB.
283 2755 316 2799 I.
349 2749 368 2814 ΙΙ
398 2755 604 2800 INCIPIT
632 2757 792 2801 LIBER
826 2757 895 2799 .ll.
