1976 3224
175 212 276 262 116
581 219 858 259 CORNELII
886 217 1083 257 TACITI
1111 217 1416 256 ANNALHJM

174 367 267 416 que
291 350 493 400 Danuvii
529 349 776 411 legionum
804 347 926 396 duae
952 349 1000 395 in
1026 347 1293 409 Pannonia,
1337 346 1459 395 duae
1497 347 1543 394 in
1568 346 1753 396 Moesia
1781 353 1848 395 at·

119 436 158 470 15
174 422 401 480 tinebant,
428 419 626 468 totidem
655 417 780 482 apud
806 417 1090 466 Delmatiam
1115 417 1314 479 locatiS‚
1354 432 1477 481 quae
1505 418 1663 481 positu
1685 417 1848 480 regio·

175 494 249 540 nis
286 507 312 540 a
349 498 489 552 tergo
529 488 649 549 illis,
689 503 746 536 ac
783 490 822 536 si
848 488 1150 551 repentinum
1177 487 1401 536 auxilium
1427 486 1560 535 Italia
1599 493 1848 551 posceret,

174 561 299 611 haud
327 559 499 624 procul
527 559 826 620 accirentur,
864 571 1148 622 quamquam
1172 557 1405 605 insideret
1431 556 1596 605 urbem
1623 557 1850 621 proprius

174 633 328 693 miles,
346 637 444 679 tres
468 628 694 691 urbanae,
719 642 896 694 novem
917 627 1193 692 praetoriae
1215 627 1464 690 cohortes,
1487 626 1678 675 Etruria
1698 626 1850 675 ferme

175 701 472 764 Umbriaque
510 698 734 747 delectae
772 705 851 747 aut
891 705 1061 746 vetere
1094 697 1228 747 Latio
1266 704 1314 746 et
1353 696 1557 746 coloniis
1595 697 1851 761 antiquitus

118 791 161 824 20
175 771 420 821 Romanis.
474 776 522 818 at
547 768 674 834 apud
700 767 875 817 idonea
901 768 1258 836 provinciarum
1287 769 1450 817 sociae
1477 769 1698 815 triremes
1723 766 1849 815 alae·

179 858 273 906 que
314 848 361 889 et
398 839 574 888 auxilia
611 838 904 900 cohortium,
942 846 1102 902 neque
1141 838 1290 898 multo
1317 852 1459 887 secus
1497 837 1626 885 iniis
1651 837 1848 885 virium:

179 911 265 960 sed
306 910 534 976 persequi
563 909 798 958 incertum
830 908 943 970 fuit,
989 923 1094 956 cum
1130 923 1193 956 ex
1218 923 1305 956 usu
1341 908 1574 972 temporis
1610 906 1703 956 huc
1736 906 1851 955 illuc

176 987 408 1042 mearent,
435 980 704 1043 gliscerent
731 993 928 1026 numero
961 985 1009 1026 et
1034 977 1289 1042 aliquando
1313 980 1651 1026 minuerentur.

281 1051 327 1100 6.
367 1048 656 1113 Congruens
696 1047 982 1097 crediderim
1022 1063 1285 1096 recensere
1326 1055 1515 1096 ceteras
1551 1061 1744 1112 quoque
1781 1046 1852 1094 rei

179 1120 401 1186 publicae
449 1127 640 1183 partes,
688 1118 860 1184 quibus
895 1117 1051 1167 modis
1096 1117 1155 1167 ad
1192 1133 1296 1167 eam
1331 1118 1456 1167 diem
1500 1116 1689 1166 habitae
1742 1117 1850 1178 sint,

179 1191 402 1255 quoniam
439 1189 637 1238 Tiberio
672 1190 834 1238 mutati
875 1190 921 1236 in
961 1187 1172 1237 deterius
1209 1189 1508 1253 principatus
1553 1177 1734 1235 initium
1769 1186 1852 1234 ille

178 1275 327 1310 annus
354 1260 522 1308 attulit.
578 1261 670 1308 iam
698 1256 898 1324 primum
926 1258 1119 1323 publica
1147 1259 1343 1322 negotia
1366 1266 1414 1307 et
1439 1259 1733 1323 privatorum
1756 1270 1850 1305 ma

141 1349 160 1381 s
178 1333 303 1380 xima
320 1329 456 1394 ‘apud
487 1336 652 1394 patres
680 1329 1032 1391 tractabantur,
1075 1328 1371 1392 dabaturque
1391 1327 1682 1393 primoribus
1702 1326 1850 1375 disse-

177 1415 287 1449 rere
326 1407 374 1448 et
410 1401 458 1447 in
497 1399 819 1448 adulationem
846 1399 1013 1464 lapsos
1042 1398 1301 1447 cohibebat
1328 1399 1462 1463 ipse;
1501 1396 1852 1461 mandabatque

177 1470 407 1532 honores,
430 1469 727 1518 nobilitatem
747 1470 997 1531 maiorum,
1029 1469 1358 1517 claritudinem
1387 1468 1600 1531 militiae,
1626 1467 1852 1516 inlustres

179 1541 305 1588 domi
340 1547 470 1589 artes
505 1539 799 1604 spectando,
840 1546 889 1587 ut
926 1540 1041 1588 satis
1071 1546 1315 1587 constaret
1350 1553 1447 1586 non
1478 1535 1601 1587 alios
1633 1538 1852 1602 potiores

177 1611 344 1659 fuisse.
401 1624 484 1657 sua
527 1609 829 1673 consulibuS,
877 1625 963 1658 sua
999 1607 1306 1674 praetoribus
1354 1610 1572 1672 species:
1623 1608 1852 1655 minorum

123 1700 162 1733 ιο
181 1694 371 1744 quoque
394 1680 752 1742 magistratuum
776 1682 991 1728 exercita
1019 1685 1259 1743 potestas:
1287 1678 1538 1744 legesque,
1571 1678 1612 1725 si
1632 1676 1851 1725 maiesta-

178 1751 236 1797 tis
269 1749 487 1813 qua-estio
515 1750 826 1810 eximeretur,
857 1749 985 1797 bono
1019 1750 1065 1797 in
1086 1765 1188 1797 usu.
1231 1755 1276 1797 at
1293 1748 1529 1797 frumenta
1549 1754 1597 1796 et
1619 1746 1853 1812 pecuniae

176 1819 470 1881 vectigaleS,
514 1826 676 1868 cetera
704 1819 1005 1884 publicorum
1041 1819 1278 1867 fructuum
1303 1817 1619 1867 societatibus
1646 1818 1853 1882 equitum

175 1890 498 1938 Romanorum
523 1889 842 1951 agitabantur.
895 1904 975 1938 res
1013 1904 1124 1938 suas
1154 1887 1336 1938 Caesar
1374 1889 1730 1953 spectatissimo
1759 1885 1852 1935 cui-

179 1974 299 2023 que,
349 1958 631 2022 quibusdam
679 1960 858 2022 ignotis
907 1975 970 2008 ex
1004 1960 1128 2008 fama
1164 1957 1443 2021 mandabat,
1485 1957 1735 2022 semelque
1775 1955 1853 2004 ad-

121 2047 159 2081 15
179 2030 351 2093 sumpti
382 2029 667 2077 tenebantur
703 2045 905 2093 prorsus
946 2032 1049 2078 sine
1084 2028 1255 2091 mod0,
1303 2044 1408 2077 cum
1445 2028 1667 2092 plerique
1703 2026 1854 2075 isdem

175 2099 384 2161 negotiis
420 2100 801 2147 insenescerent.
861 2099 1034 2164 plebes
1076 2100 1176 2148 acri
1223 2099 1413 2163 quidem
1459 2112 1647 2147 annona
1684 2097 1852 2159 fatiga-

175 2168 339 2231 batur,
378 2168 462 2217 sed
498 2169 626 2218 nulla
660 2171 706 2216 in
736 2184 795 2217 eo
827 2169 969 2234 culpa
998 2185 1059 2218 ex
1089 2171 1338 2234 principe:
1378 2169 1490 2234 quin
1526 2166 1854 2216 infecunditati

174 2246 407 2287 terrarum
434 2247 512 2287 aut
543 2240 730 2303 asperis
760 2240 901 2288 maris
929 2240 1119 2289 obviam
1144 2239 1220 2302 iit,
1262 2246 1486 2303 quantum
1517 2237 1760 2302 impendio
1788 2235 1854 2284 di-

176 2307 472 2370 ligentiaque
505 2317 711 2372 poterat.
764 2317 812 2357 et
847 2325 906 2357 ne
945 2310 1225 2373 provinciae
1261 2309 1402 2358 novis
1431 2307 1659 2356 oneribus
1694 2305 1853 2356 turba-

117 2395 158 2428 20
175 2383 339 2425 rentur
362 2386 508 2441 utque
536 2386 702 2427 vetera
725 2380 826 2427 sine
849 2380 1048 2427 avaritia
1077 2386 1154 2427 aut
1182 2378 1466 2426 crudelitate
1492 2378 1853 2440 magistratuum

174 2446 467 2510 tolerarent,
506 2448 821 2512 providebat:
868 2462 1126 2512 corporum
1153 2447 1379 2510 verbera,
1409 2446 1741 2512 ademptiones
1767 2446 1851 2494 bo-

173 2531 341 2565 norum
370 2517 585 2566 aberant.
640 2520 735 2566 rari
763 2533 850 2582 per
875 2517 1062 2567 ltaliam
1091 2517 1317 2567 Caesaris
1346 2518 1476 2581 agri,
1504 2516 1722 2565 modesta
1751 2531 1850 2564 ser·

172 2588 304 2649 vitia,
332 2588 454 2635 intra
482 2603 666 2652 paucos
694 2588 899 2636 libertos
926 2588 1116 2645 domus;
1146 2604 1203 2637 ac
1236 2589 1276 2636 si
1303 2588 1492 2654 quando
1521 2603 1625 2636 cum
1652 2588 1851 2651 privatis

174 2655 497 2721 disceptaret,
520 2659 676 2706 forum
703 2666 750 2707 et
775 2660 863 2707 ius.
1745 2670 1820 2751 ,Α

274 2729 320 2774 7.
358 2727 493 2787 Quae
532 2736 702 2777 cuncta
737 2743 832 2777 non
875 2729 1065 2793 quidem
1104 2731 1227 2779 comi
1263 2731 1369 2790 via,
1413 2728 1498 2777 sed
1536 2728 1757 2776 horridus
1795 2742 1852 2776 ac

174 2794 455 2860 plerumque
491 2798 794 2861 formidatus,
833 2799 1073 2848 retinebat
1109 2807 1287 2861 tamen,
1326 2799 1483 2847 donec
1520 2806 1674 2847 morte
1707 2797 1851 2846 Drusi

172 2872 497 2916 verterentur:
537 2883 643 2915 nam
685 2868 791 2916 dum
832 2870 1093 2932 superfuit,
1122 2884 1369 2931 mansere,
1399 2869 1507 2932 quia
1544 2869 1746 2916 Seianus
1784 2870 1849 2915 in-

175 2934 381 2996 cipiente
408 2935 562 2984 adhuc
592 2940 808 3000 potentia
836 2938 1219 2987 bonisconsiliis
1251 2947 1509 2987 notescere
1542 2938 1762 2999 volebat,
1803 2943 1850 2984 et
1875 2959 1888 2973 ·-
