1982 3216
168 175 207 214 X
640 175 1095 214 COMMENTARIUS
1126 174 1408 216 CRITICUS.

869 347 1085 394 LIBER
1119 347 1187 395 ΙΙ.

315 447 368 506 1,
416 457 439 497 1
474 451 545 495 Ab
585 462 785 494 excessu
824 448 920 493 diui
957 448 1169 505 Augusti.
1224 448 1421 497 Sisenna
1454 446 1463 514 Ι
1505 457 1531 499 5
1557 452 1749 511 prahate
1774 467 1876 500 nam

165 520 385 577 prahates
409 524 453 564 et
477 521 544 564 sic
569 533 677 578 cap.
704 523 731 564 2

309 584 365 646 2,
403 593 432 636 4
456 589 676 648 accipere
702 581 721 652 Ι
759 593 808 636 16
834 587 1042 632 moribus
1069 586 1143 632 M.-
1180 588 1433 635 maioribus
1457 634 1465 640 ,

306 656 366 716 4,
401 665 427 706 5
454 659 696 717 adsumpto
731 654 736 716 Ι
773 663 828 705 10
852 657 892 702 si
920 669 1005 701 nos
1035 658 1109 702 aui

310 723 371 785 6,
409 734 436 775 2
465 727 510 773 CL
532 728 674 773 Antio
711 727 772 773 U.-
800 726 955 773 cantio
989 719 998 790 Ι
1029 726 1252 772 Anteius:
1278 726 1515 786 Apronius
1541 729 1590 775 N
1598 749 1612 781 ,·
1656 730 1876 777 Urlicksio

167 802 213 842 et
248 797 429 843 anteius
463 798 770 856 dittoqraphia
798 809 861 841 ex
886 798 1130 854 superiore
1168 796 1215 841 C.
1250 796 1389 842 Antio
1425 799 1601 844 videtur
1631 793 1640 864 Ι
1681 806 1709 850 8
1734 815 1876 861 super

166 881 283 925 quos
307 867 376 924 E,
404 881 546 926 super
573 868 674 925 quis
697 867 741 912 D
775 861 782 926 Ι
816 865 876 923 7,
906 869 932 914 7
961 866 1117 910 facere
1776 909 1779 913 ,

309 933 368 994 8,
401 941 428 985 7
453 935 660 982 Amisiae
690 937 738 982 N
752 937 856 981 incl.
891 928 898 995 Ι
931 940 1053 984 8aut
1073 936 1180 980 add.
1212 936 1374 981 Wurm
1406 930 1414 1001 Ι
1447 938 1666 984 subvexit
1687 940 1791 986 incl.
1817 939 1876 998 N,

164 1009 327 1051 contra
348 1006 697 1066 Etransposuit
712 1007 904 1068 ,abicere
928 1005 1124 1050 ma'lebat
1143 1010 1186 1050 et
1201 1005 1275 1050 He
1298 1007 1403 1052 incl.
1484 1013 1537 1056 13
1556 1014 1661 1053 ante
1687 1010 1874 1056 metanti

163 1075 242 1121 He
260 1081 518 1134 praeeunte
549 1075 804 1135 Riclclefsio
829 1077 1006 1134 siqnum
1038 1076 1236 1120 lacunae
1257 1078 1411 1133 posuit
1480 1076 1875 1137 Ampsivariorum

163 1150 207 1191 et
234 1159 340 1204 cap.
367 1151 450 1203 22,
477 1152 504 1195 6
528 1146 851 1204 Ampsivarios
883 1144 1092 1203 Giefers;
1120 1159 1162 1190 v.
1183 1144 1466 1205 Mitllenhoff
1493 1149 1539 1191 in
1559 1147 1609 1192 Z.
1632 1148 1720 1207 fur
1749 1149 1875 1194 deut-

163 1215 296 1261 sches
314 1216 567 1281 Alterthmgt
585 1215 685 1272 IX,
714 1218 810 1262 226
833 1228 933 1274 sqq.
947 1232 965 1264 ,·
1001 1214 1067 1273 cf.
1092 1219 1241 1259 tamen
1265 1217 1398 1260 etiam
1426 1216 1604 1262 Urlichs
1622 1219 1670 1262 in
1692 1232 1740 1262 n.
1761 1232 1872 1264 ann.

155 1286 273 1345 phil.
298 1292 341 1331 et
356 1300 407 1344 p.
428 1290 509 1342 69,
537 1291 595 1334 68

306 1353 364 1412 9,
394 1361 420 1404 6
443 1358 622 1415 siqnum
642 1357 837 1399 lacunae
856 1354 908 1399 N
915 1356 1074 1413 posuit
1105 1352 1111 1416 Ι
1144 1361 1170 1404 9
1196 1355 1388 1401 fratrum

310 1422 393 1478 11,
434 1431 462 1473 4
486 1423 827 1484 primilliarium
859 1417 868 1488 Ι
900 1430 926 1472 5
953 1424 1265 1481 deducerent,
1300 1437 1385 1469 em.
1411 1425 1455 1471 R
1488 1419 1498 1490 Ι
1531 1431 1583 1473 11
1609 1425 1874 1485 perfringe-

163 1499 268 1540 rent
291 1495 364 1539 Bz
388 1499 433 1540 et
459 1495 545 1541 W:
574 1494 838 1551 fringerent
863 1490 1162 1554 (frangerent
1185 1491 1249 1555 L)
1283 1487 1294 1558 Ι
1327 1500 1381 1542 12
1408 1495 1524 1554 ipsis
1551 1494 1873 1553 densissimos,

163 1577 247 1609 em.
288 1564 389 1614 W.,·
427 1563 544 1623 ipsis
581 1563 873 1609 densissimis
907 1564 1000 1618 He,
1043 1565 1146 1623 ipse
1173 1564 1220 1609 in
1251 1564 1555 1612 densissimos
1583 1566 1710 1623 vulqo
1751 1568 1759 1629 Ι
1803 1566 1872 1611 in-

163 1648 362 1693 rupens‚
394 1646 478 1679 em.
507 1635 580 1685 B,·
609 1633 799 1678 inruens
826 1633 902 1678 He

309 1699 400 1760 13,
442 1710 495 1751 15
533 1703 747 1748 conleotu
790 1698 796 1766 Ι
846 1699 937 1760 14,
984 1711 1007 1752 1
1047 1703 1165 1750 vidit
1198 1718 1250 1749 se
1284 1702 1341 1748 M
1381 1698 1389 1767 Ι
1433 1708 1460 1749 2
1494 1717 1630 1750 sacro
1665 1703 1703 1749 B
1744 1697 1751 1763 Ι
1796 1719 1870 1750 res

165 1778 287 1818 tersa
321 1765 328 1836 Ι
362 1779 388 1821 5
418 1772 664 1832 praeuisa,
691 1785 773 1816 em.
796 1773 905 1817 Fet
925 1772 963 1817 G

307 1839 399 1899 15,
434 1849 460 1890 5
495 1848 627 1900 terga
659 1841 717 1886 M
724 1862 736 1886 .·
774 1843 908 1900 tergi]
949 1835 957 1906 Ι
1005 1839 1094 1899 16,
1121 1847 1148 1888 2
1170 1842 1418 1888 Idisiaviso
1442 1842 1548 1887 Jac.
1577 1841 1748 1888 Grimm
1779 1841 1869 1904 (cf.

166 1910 445 1971 Mizllenlzoff
457 1911 508 1959 Z.
528 1911 570 1970 f.
588 1912 634 1956 d.
658 1911 712 1956 Α.
739 1910 840 1968 IX,
873 1908 994 1971 248)
1012 1932 1024 1956 .·
1057 1911 1196 1958 idista
1226 1912 1329 1957 uiso

308 1979 398 2038 17,
437 1987 464 2030 3
494 1987 722 2039 tergaque
759 1980 822 2025 L.-
862 1987 1054 2039 tergaue
1096 1975 1106 2044 Ι
1149 1979 1245 2038 20,
1287 1988 1308 2029 1
1346 1981 1418 2026 his
1447 1980 1652 2027 Oberlin:
1690 1981 1749 2028 iis
1793 1976 1872 2046 Ι·3

162 2052 317 2096 malim
352 2051 544 2096 tradidit
575 2043 583 2115 Ι
618 2057 673 2098 10
699 2050 1045 2110 libratoresque
1071 2051 1143 2103 B,·
1179 2051 1244 2110 cf.
1272 2057 1355 2108 13,
1381 2056 1437 2100 39

303 2116 398 2177 21,
432 2125 457 2169 7
495 2120 705 2166 Arminio
740 2120 787 2165 B
813 2122 1039 2178 supplevit
1076 2115 1084 2184 Ι
1129 2116 1223 2178 22,
1265 2127 1293 2170 3
1327 2120 1603 2166 monimenta
1628 2121 1688 2165 L.-
1723 2122 1866 2167 muni-

162 2196 312 2236 menta
346 2187 353 2246 Ι
385 2194 414 2236 4
442 2190 574 2236 marii
607 2186 613 2251 Ι
648 2197 674 2239 5
702 2190 811 2236 facti
837 2191 1002 2235 Aldus.-
1032 2191 1166 2236 factis

303 2255 398 2316 23,
451 2265 470 2306 1
517 2265 758 2317 aegestate
803 2254 812 2323 Ι
855 2265 882 2308 9
917 2260 994 2317 qui
1030 2260 1228 2305 humidis
1266 2259 1311 2304 R
1347 2264 1389 2304 et
1426 2259 1522 2304 Fa.-
1569 2260 1644 2318 qui
1683 2259 1867 2306 tumidis

163 2325 343 2390 (veram
371 2329 574 2387 formam
599 2329 764 2374 umidis
790 2341 874 2375 nos
902 2326 1202 2389 restituimus)
1237 2323 1242 2393 Ι
1277 2334 1332 2378 18
1361 2343 1502 2388 super
1532 2335 1727 2387 urgente
1753 2329 1798 2375 D

304 2396 399 2455 24,
432 2403 461 2445 4
485 2403 617 2444 vasto
649 2395 737 2459 [et]
766 2399 997 2458 profundo
1022 2398 1096 2444 He
1138 2398 1144 2457 Ι
1185 2406 1212 2447 5
1238 2398 1352 2444 mari
1380 2399 1446 2448 G,·
1483 2404 1533 2443 at
1562 2413 1599 2444 v.
1629 2399 1868 2445 Fritzsche

161 2470 207 2513 in
239 2472 428 2527 quaesit.
450 2467 694 2512 Lucianeis
709 2482 764 2526 p.
789 2473 869 2518 177
913 2462 921 2531 Ι
966 2474 1018 2517 15
1043 2467 1327 2528 Ampsivarii
1353 2469 1404 2514 N
1438 2462 1445 2529 Ι
1490 2472 1542 2516 17
1569 2468 1762 2514 remissa
1790 2483 1864 2514 re-

163 2539 287 2595 gulis

305 2603 398 2665 25,
437 2613 463 2655 5
489 2607 595 2652 luco
621 2606 684 2651 L.-
712 2607 817 2653 loco
851 2601 858 2669 Ι
890 2612 916 2655 7
950 2607 1163 2665 exemplo
1196 2601 1204 2669 Ι
1239 2607 1440 2666 eligeret
1513 2664 1516 2667 v

303 2671 396 2733 26,
437 2683 459 2724 1
491 2677 537 2721 in
563 2676 703 2723 hiona
735 2669 745 2739 Ι
779 2681 834 2724 14
860 2676 920 2722 sit
949 2675 1068 2721 Otto.-
1095 2681 1167 2722 est
1192 2673 1346 2737 (esset
1374 2674 1450 2736 M)

303 2742 397 2802 27,
431 2751 459 2794 3
484 2747 586 2790 dum
622 2750 628 2800 Ι
660 2751 688 2794 8
713 2746 1020 2792 consobrinus
1047 2746 1254 2791 caesaris

302 2810 396 2871 28,
434 2819 461 2862 6
487 2829 699 2860 sermone
725 2812 1009 2875 (sermonem
1036 2815 1122 2864 Ra:-
1159 2815 1221 2874 cf.
1249 2815 1310 2860 H.
1339 2821 1392 2872 2,
1420 2813 1501 2874 99)

303 2879 399 2940 29,
437 2889 463 2932 9
493 2885 703 2942 asperari
737 2883 743 2941 Ι
778 2881 871 2941 30,
911 2889 937 2930 2
965 2890 1008 2929 et
1030 2890 1057 2932 3
1081 2885 1248 2941 liuius,
1274 2898 1358 2929 em.
1389 2885 1611 2930 Gruterus
1634 2897 1695 2928 ex
1714 2892 1766 2939 4,
1787 2887 1857 2932 28.
