1976 3224
13 2891 20 2924 i

32 3190 34 3194 ,
25 2858 36 3184 ’.βμ-ῳᾷ-

568 185 742 222 ΜΒΕΒ
778 184 858 221 XI.
900 182 1023 220 CAP.
1059 182 1257 222 10—15.
1668 166 1764 217 185

204 315 284 366 13.
327 315 391 363 At
429 313 655 363 Claudius
699 311 984 362 matrimonii
1030 311 1101 358 sui
1138 311 1332 372 ignarus
1383 314 1430 356 et
1465 308 1620 356 munia
1657 322 1765 355 cen-

97 386 227 436 soria
260 399 524 450 usurpans,
560 382 841 432 theatralem
877 379 1045 447 populi
1091 380 1338 428 lasciviam
1375 378 1562 427 severis
1597 377 1767 426 edictis

96 456 364 519 increpuit,
415 453 544 518 quod
579 453 625 500 in
664 452 716 501 P.
748 451 1060 515 Pomponium
1107 445 1418 498 consularem
1457 448 1524 513 (is
1562 449 1768 497 carmina

98 539 308 575 scaenae
331 523 492 585 dabat)
514 524 656 586 inque
678 522 878 569 feminas
900 521 1126 569 inlustres
1152 519 1332 584 probra
1352 519 1550 566 iecerat.
1587 525 1634 566 et
1653 517 1767 580 lege

96 595 192 644 lata
220 594 470 643 saevitiam
510 592 798 641 creditorum
833 591 1073 654 coercuit,
1111 604 1171 638 ne
1204 590 1250 637 in
1284 595 1486 636 mortem
1520 594 1769 652 parentum
1792 603 1812 635 5

98 664 329 728 pecunias
354 663 465 711 filiis
492 661 775 711 familiarum
803 660 991 709 faenori
1020 658 1203 707 darent.
1253 659 1510 721 fontesque
1542 672 1770 721 aquarum

97 732 379 783 Simbruinis
411 731 618 780 collibus
643 730 877 779 deductos
906 728 1011 777 urbi
1040 729 1207 776 intulit.
1265 743 1322 777 ac
1348 741 1500 792 novas
1526 727 1769 775 literarum

95 804 276 852 formas
314 801 490 850 addidit
523 801 862 864 vulgavitque,
900 805 1150 863 comperto
1179 797 1411 847 Graecam
1448 811 1638 861 quoque
1667 797 1768 845 lite-

94 879 300 921 raturam
320 885 423 919 non
449 870 583 918 simul
615 877 837 934 coeptam
865 868 1244 932 absolutamque.

131 949 133 951 ’
206 941 286 990 14.
326 940 467 989 Primi
503 955 590 1005 per
628 941 809 1002 figuras
846 937 1113 987 animalium
1136 938 1373 1002 Aegyptii
1404 952 1574 986 sensus
1599 938 1771 984 mentis

97 1010 392 1073 effingebant
427 1036 498 1047 —-
533 1025 590 1058 ea
626 1009 952 1072 antiquissima
987 1009 1272 1056 monimenta
1311 1008 1571 1055 memoriae
1610 1005 1769 1054 huma·

94 1096 185 1130 nae
222 1080 443 1144 inpressa
482 1080 611 1128 saxis
653 1085 910 1126 cernuntur
943 1104 1014 1115 —
1053 1085 1099 1126 et
1136 1077 1378 1125 literarum
1418 1083 1571 1125 semet
1607 1077 1768 1123 inven-

95 1159 229 1200 tores
268 1149 544 1214 perhibent;
595 1147 704 1196 inde
741 1147 1038 1210 PhoenicaS,
1081 1148 1189 1211 quia
1227 1149 1345 1195 mari
1381 1145 1769 1211 praepollebant,

96 1219 314 1268 intulisse
344 1218 579 1267 Graeciae
606 1218 907 1281 gloriamque
933 1216 1166 1280 adeptos,
1196 1223 1434 1281 tamquam
1460 1217 1768 1280 reppererint
1788 1228 1807 1259 5

100 1303 220 1353 quae
258 1294 566 1351 acceperant.
629 1288 808 1351 quippe
842 1286 967 1334 fama
1003 1293 1077 1334 est
1117 1284 1342 1334 Cadmum
1380 1285 1538 1335 classe
1568 1285 1768 1334 Phoeni-

99 1373 204 1407 cum
229 1365 419 1405 vectum
445 1356 640 1405 rudibus
669 1355 822 1405 adhuc
851 1355 1144 1404 Graecorum
1181 1356 1375 1421 populis
1415 1357 1528 1405 artis
1565 1357 1666 1403 eius
1692 1370 1769 1402 au-

100 1435 282 1476 ctorem
327 1427 493 1475 fuisse.
566 1426 753 1491 quidam
792 1424 1065 1490 Cecropem
1103 1425 1448 1474 Atheniensem
1486 1425 1565 1473 vel
1609 1424 1771 1472 Linum

99 1495 374 1546 Thebanum
409 1504 456 1544 et
493 1494 790 1560 temporibus
828 1495 1046 1544 Troianis
1079 1494 1380 1544 Palamedem
1407 1495 1638 1557 Argivum
1673 1509 1769 1541 me-

96 1573 284 1615 morant
312 1565 526 1614 sedecim
552 1565 797 1613 literarum
831 1564 1039 1628 formaS,
1075 1579 1189 1613 mox
1226 1565 1346 1614 alios
1372 1580 1428 1614 ac
1450 1564 1767 1628 ⁴praecipuum
1788 1583 1828 1617 10

99 1635 374 1685 Simoniden
411 1643 603 1684 ceteras
630 1635 929 1699 repperisse.
980 1642 1026 1683 at
1056 1635 1102 1682 in
1128 1633 1264 1683 Italia
1291 1635 1485 1684 Etrusci
1514 1633 1571 1682 ab
1602 1632 1768 1682 Corin-

96 1705 194 1754 thio
230 1704 515 1765 Demarato,
553 1704 863 1767 Aborigenes
891 1703 1085 1753 Arcade
1119 1704 1177 1752 ab
1214 1703 1767 1760 Evandrodidicerunn

99 1782 147 1823 et
169 1774 352 1823 formae
377 1774 528 1838 literis
554 1774 731 1823 Latinis
762 1788 883 1837 quae
910 1775 1180 1823 veterrimis
1211 1773 1519 1823 Graecorum.
1572 1773 1658 1821 sed
1684 1787 1767 1821 no-

97 1843 172 1892 bis
201 1858 391 1907 quoque
428 1858 612 1907 paucae
640 1844 839 1907 primum
867 1843 1030 1905 fuere,
1068 1843 1240 1892 deinde
1268 1844 1458 1893 additae
1486 1850 1608 1892 sunt.
1673 1857 1768 1906 quo

101 1913 326 1976 exemplo
358 1911 582 1960 Claudius
608 1919 706 1959 tres
734 1912 900 1960 literas
931 1914 1131 1974 adiecit,
1172 1927 1295 1976 quae
1331 1915 1436 1962 usui
1465 1914 1766 1977 imperitante
1787 1928 1827 1961 15

101 1997 187 2043 e0,
228 1989 338 2045 post
366 1980 676 2042 obliteratae,
716 1983 1006 2045 aspiciuntur
1035 1983 1173 2030 etiam
1199 1998 1324 2031 nunc
1358 1985 1404 2031 in
1432 1997 1545 2031 aere
1572 1982 1767 2046 publico

101 2066 188 2115 per
215 2051 320 2098 fora
347 2065 404 2098 ac
431 2050 607 2114 templa
635 2051 748 2098 lixo.

209 2121 287 2168 15.
323 2119 523 2168 Rettulit
558 2119 728 2167 deinde
766 2120 825 2168 ad
862 2127 1076 2168 senatum
1111 2135 1259 2184 super
1298 2121 1512 2183 collegio
1551 2120 1767 2185 haruspi-

104 2205 233 2251 cum,
273 2205 331 2237 ne
360 2190 679 2237 vetustissima
714 2188 882 2237 Italiae
921 2189 1173 2253 disciplina
1207 2205 1296 2254 per
1333 2189 1562 2239 desidiam
1601 2190 1767 2238 exole-

100 2265 286 2307 sceret:
316 2273 465 2322 saepe
492 2258 710 2307 adversis
736 2259 808 2307 rei
840 2258 1061 2323 publicae
1087 2260 1384 2324 temporibus
1412 2262 1622 2323 accitOS,
1653 2274 1767 2324 quo-

100 2343 199 2376 rum
228 2329 404 2376 monitu
429 2327 781 2391 redintegratas
816 2329 1133 2377 caerimonias
1158 2337 1205 2377 et
1240 2331 1284 2377 in
1317 2337 1564 2394 posterum
1590 2330 1768 2378 rectius

99 2396 310 2453 babitas;
360 2397 694 2460 primoresque
729 2397 951 2446 Etruriae
988 2405 1161 2463 sponte
1197 2406 1275 2448 aut
1310 2407 1495 2463 patrum
1530 2400 1767 2448 Romano·
1789 2416 1809 2447 5

99 2481 201 2514 rum
237 2466 427 2530 inpulsu
462 2467 713 2514 retinuisse
750 2469 998 2516 scientiam
1036 2476 1083 2516 et
1121 2470 1166 2516 in
1201 2469 1402 2517 familias
1437 2483 1767 2532 propagasse;

102 2535 228 2598 quod
263 2550 388 2584 nunc
425 2537 621 2597 segnius
660 2537 763 2584 fieri
794 2537 982 2600 publica
1013 2539 1141 2586 circa
1177 2538 1329 2587 bonas
1362 2546 1491 2586 artes
1524 2537 1767 2599 socordia,

103 2611 150 2652 et
186 2606 292 2668 quia
331 2612 561 2653 externae
601 2607 972 2668 superstitiones
1006 2607 1277 2655 valescant:
1325 2615 1372 2654 et
1410 2607 1534 2655 laeta
1579 2606 1767 2669 quidem

101 2673 148 2720 in
174 2688 406 2736 praesens
435 2674 616 2735 omnia,
644 2673 730 2722 sed
755 2673 1036 2737 benignitati
1061 2674 1199 2723 deum
1224 2678 1424 2738 gratiam
1449 2674 1767 2741 referendam,

102 2755 162 2789 ne
192 2742 308 2791 ritus
344 2757 588 2791 sacrorum
620 2745 743 2791 inter
783 2743 1004 2806 ambigua
1047 2744 1157 2792 culti
1194 2760 1281 2808 per
1318 2759 1555 2808 prospera
1594 2744 1759 2793 oblite·
1787 2761 1827 2795 10

102 2818 333 2859 rarentur.
388 2812 564 2860 factum
605 2827 665 2860 ex
703 2827 762 2860 eo
804 2820 996 2861 senatus
1028 2814 1321 2877 consultum,
1364 2814 1579 2862 viderent
1615 2814 1767 2879 ponti·

106 2878 222 2926 lices
249 2894 368 2942 quae
396 2881 641 2929 retinenda
671 2881 993 2945 firmandaque
1020 2881 1342 2947 haruspicum.
