1976 3224
245 148 343 199 148
676 161 950 199 CORNELII
970 159 1164 198 'erm
1184 159 1489 198 ANNALIUM

203 287 580 352 siluae-rebatur.
644 290 708 336 ita
741 303 1022 352 quamquam
1065 288 1270 336 diversis
1317 304 1463 352 super
1505 286 1650 336 rebus
1687 286 1907 335 consule·

241 366 433 419 rentur,
471 372 600 406 aram
639 358 946 420 clementiae,
987 372 1116 405 aram
1141 358 1378 407 amicitiae
1415 357 1701 421 effigiesque
1731 358 1909 405 circum

243 427 467 476 Caesaris
504 442 562 475 ac
598 427 758 475 Seiani
787 442 1045 490 censuere,
1085 426 1367 491 crebrisque
1406 425 1635 491 precibus
1675 426 1906 489 efflagita-

239 497 354 550 bant
387 496 575 544 visendi
616 497 687 544 sui
729 498 919 561 copiam
949 496 1183 544 facerent.
1241 511 1337 545 non
1373 496 1444 545 illi
1475 504 1632 545 tamen
1667 497 1716 544 in
1743 495 1908 545 urbem

241 574 318 614 aut
355 567 626 630 propinqua
663 565 766 614 urbi
806 566 1027 628 degressi
1068 573 1198 614 sunt:
1241 567 1359 614 satis
1387 569 1537 614 visum
1578 567 1799 614 omittere
1838 566 1905 613 in-

183 647 222 681 10
241 635 392 684 sulam
430 643 476 683 et
508 637 554 683 in
593 637 815 699 proximo
858 635 1148 698 Campaniae
1186 636 1355 700 aspici.
1414 650 1473 684 eo
1510 636 1677 684 venire
1726 642 1906 699 patreS‚

241 720 422 769 equeS‚
449 719 622 767 magna
649 720 763 770 pars
791 704 976 769 plebis,
1006 706 1132 753 anxii
1159 711 1280 767 erga
1307 705 1553 768 Seianum,
1584 705 1716 753 cuius
1746 704 1907 754 durior

241 789 563 837 congressu5‚
604 782 748 839 atque
777 788 836 823 eo
863 789 952 839 per
990 773 1212 823 ambitum
1241 782 1288 822 et
1325 776 1558 823 societate
1597 775 1907 823 consiliorum

238 843 510 908 parabatur.
578 846 695 892 satis
736 843 987 892 constabat
1024 851 1209 892 auctam
1253 846 1298 891 ei
1339 844 1668 907 adrogantiam
1715 844 1907 893 foedum

237 913 355 962 illud
386 914 434 961 in
474 913 734 977 propatulo
765 915 1012 961 servitium
1045 914 1310 976 spectanti;
1361 915 1540 978 quippe
1567 913 1752 963 Romae
1786 914 1906 963 sueti

181 996 221 1028 15
239 982 511 1044 discursuS‚
557 990 606 1030 et
648 982 972 1046 magnitudine
1008 982 1138 1031 urbis
1176 984 1409 1032 incertum
1445 983 1573 1048 quod
1610 985 1812 1048 quisque
1846 983 1906 1032 ad

235 1053 480 1115 negotium
510 1060 708 1115 pergat:
740 1053 805 1100 ibi
834 1067 1003 1117 campo
1041 1059 1121 1100 aut
1154 1051 1296 1100 litore
1337 1054 1553 1102 iacentes
1578 1053 1708 1102 nullo
1738 1053 1904 1102 discri-

235 1123 360 1170 mine
386 1128 578 1169 noctem
604 1136 662 1170 ac
687 1121 812 1170 diem
838 1123 967 1171 iuxta
993 1122 1196 1185 gratiam
1227 1129 1307 1170 aut
1340 1122 1492 1171 fastus
1517 1123 1768 1172 ianitorum
1795 1138 1903 1187 per-

237 1190 557 1255 petiebantur,
587 1189 747 1240 donec
772 1190 821 1239 id
846 1206 1039 1256 quoque
1068 1192 1289 1240 vetitum:
1332 1199 1379 1240 et
1403 1207 1642 1241 revenere
1665 1193 1713 1240 in
1738 1192 1903 1241 urbem

235 1260 435 1323 trepidi,
482 1275 604 1324 quos
639 1275 736 1310 non
771 1276 1023 1323 sermone,
1060 1276 1155 1309 non
1182 1262 1287 1309 visu
1315 1261 1536 1325 dignatus
1565 1269 1681 1325 erat,
1713 1262 1903 1327 quidam

176 1341 219 1374 κο
237 1329 360 1378 male
397 1330 615 1391 alacreS‚
665 1330 834 1394 quibus
877 1331 1112 1380 infaustae
1149 1331 1384 1380 amicitiae
1428 1333 1593 1394 gravis
1629 1331 1786 1380 exitus
1837 1333 1902 1381 in-

233 1398 457 1447 minebat.

341 1468 424 1517 75.
467 1466 692 1516 Ceterum
715 1468 937 1517 Tiberius
958 1477 1151 1533 neptem
1171 1470 1488 1534 Agrippinam
1511 1470 1795 1521 Germanico
1823 1486 1899 1520 or·

233 1545 328 1586 tam
366 1551 471 1585 cum
510 1551 671 1586 coram
710 1535 797 1587 Cn.
825 1538 1035 1587 Domitio
1074 1539 1372 1601 tradidisset,
1423 1541 1469 1587 in
1502 1540 1622 1590 urbe
1662 1541 1901 1591 celebrari

232 1608 422 1671 nuptias
461 1608 613 1655 iussit.
668 1607 715 1654 in
749 1607 959 1656 Domitio
997 1623 1144 1672 super
1169 1616 1452 1657 vetustatem
1481 1611 1678 1671 generis
1706 1605 1898 1676 propin-

234 1691 374 1740 quum
407 1674 696 1724 Caesaribus
723 1678 1002 1740 sanguinem
1031 1678 1308 1740 delegerat;
1347 1693 1453 1726 nam
1488 1680 1530 1726 is
1562 1681 1715 1728 aviam
1757 1679 1898 1729 Octa·

231 1745 357 1794 viam
389 1753 437 1792 et
463 1760 550 1809 per
579 1759 682 1793 eam
709 1746 975 1808 Augustum
1003 1747 1285 1796 avunculum
1313 1746 1640 1810 praeferebat.
