1976 3224
244 214 342 263 190
652 222 928 261 CORNELII
963 221 1159 259 TACITI
1196 221 1501 259 ANNALIUM

240 351 580 401 transferendo
611 350 703 398 huc
736 350 866 414 quod
892 364 1089 414 usquam
1118 350 1369 411 egregium
1396 348 1554 397 fuerit.
1607 363 1765 412 neque
1795 349 1919 397 enim

240 424 415 486 ignoro
441 421 590 469 Iulios
618 419 772 483 Alba,
805 419 1138 469 Coruncanios
1167 418 1419 481 Camerio,
1456 417 1662 466 Porcios
1687 418 1917 481 Tusculo,

246 500 293 541 et
318 507 378 540 ne
407 499 574 539 vetera
603 497 897 552 scrutemur,
930 489 1121 542 Etruria
1146 487 1451 552 Lucaniaque
1482 495 1530 536 et
1556 489 1683 536 omni
1710 487 1847 538 Italia
1871 490 1920 537 in

245 569 463 610 senatum
490 561 695 623 accitOS,
723 567 973 623 postremo
999 560 1151 623 ipsam
1178 558 1236 607 ad
1257 557 1413 622 Alpes
1439 565 1724 622 promotam,
1750 566 1801 607 ut
1824 573 1920 608 non

187 650 227 683 10
243 631 388 681 modo
419 630 594 694 singuli
623 630 825 693 viritim,
860 629 947 678 sed
982 636 1167 692 terrae,
1213 635 1386 691 gentes
1420 629 1467 675 in
1496 642 1670 677 nomen
1705 636 1919 677 nostrum

244 701 602 751 coalescerent.
662 707 775 749 tunc
816 698 970 748 solida
1010 697 1136 747 domi
1177 699 1314 762 quies
1358 705 1406 747 et
1445 697 1678 747 adversus
1719 705 1920 747 externa

242 772 514 834 floruimus,
545 785 651 818 cum
677 769 1008 834 Transpadani
1030 769 1076 816 in
1104 769 1344 817 civitatem
1370 769 1587 833 recepti,
1617 783 1722 817 cum
1750 770 1920 833 specie

243 842 554 891 deductarum
583 855 671 905 per
698 839 865 888 orbem
890 846 1051 887 terrae
1081 838 1323 901 legionum
1355 838 1527 887 additis
1554 839 1920 904 provincialium

242 911 550 961 validissimis
579 911 713 958 fesso
750 910 955 974 imperio
983 907 1266 957 subventum
1295 915 1384 956 est.
1439 923 1548 957 num
1574 909 1787 973 paenitet
1813 908 1918 958 Bal-

185 997 226 1030 15
243 983 334 1031 bos
368 997 436 1030 >ex
471 981 701 1044 Hispania
739 995 830 1027 nec
868 980 1020 1026 minus
1058 979 1272 1040 insignes
1309 979 1439 1027 viros
1475 994 1502 1027 e
1542 978 1695 1028 Gallia
1730 978 1919 1027 Narbo-

242 1052 380 1101 nensi
405 1047 721 1100 transivisse?
760 1055 951 1098 manent
983 1049 1167 1113 posteri
1196 1062 1363 1097 eorum
1389 1063 1482 1097 nec
1516 1063 1678 1098 amore
1711 1049 1759 1097 in
1791 1049 1920 1097 -hanc

244 1123 445 1187 patriam
471 1120 612 1169 nobis
640 1118 928 1169 concedunt.
982 1118 1092 1182 quid
1125 1117 1250 1166 aliud
1279 1119 1424 1167 exitio
1450 1118 1845 1168 Lacedaemoniis
1872 1124 1920 1166 et

244 1189 622 1241 Atheniensibus
668 1190 782 1253 fuit,
831 1203 1113 1252 quamquam
1157 1190 1300 1237 armis
1352 1188 1619 1252 pollerent,
1665 1190 1754 1237 nisi
1789 1187 1920 1253 quod

244 1264 402 1311 victos
443 1275 533 1326 pro
573 1259 858 1323 alienigenis
886 1256 1150 1308 arcebant?
1190 1266 1237 1307 at
1266 1258 1487 1307 conditor
1512 1259 1663 1308 nostri
1688 1258 1920 1308 Romulus

185 1351 227 1385 20
243 1339 422 1382 tantum
466 1330 704 1394 sapientia
746 1329 920 1391 valuit,
975 1337 1025 1377 ut
1065 1328 1327 1393 plerosque
1370 1330 1581 1393 populos
1624 1328 1796 1378 eodem
1842 1328 1919 1376 dic

243 1403 441 1463 hosteS,
480 1400 591 1448 dein
630 1401 764 1448 cives
799 1398 1036 1447 habuerit.
1097 1398 1310 1447 advenae
1353 1401 1399 1447 in
1436 1413 1526 1448 nos
1562 1405 1916 1463 regnaverunt:

243 1472 576 1521 libertinorum
611 1470 722 1518 filiis
757 1470 1065 1532 magistratus
1096 1468 1307 1517 mandari
1343 1484 1468 1532 non,
1509 1477 1559 1518 ut
1584 1470 1803 1534 plerique
1830 1467 1918 1516 fal-

243 1543 428 1603 luntur,
457 1555 664 1605 repenS‚
695 1538 781 1588 sed
807 1541 957 1603 priori
985 1538 1165 1604 populo
1194 1539 1454 1587 factitatum
1482 1547 1586 1588 est.·
1623 1546 1670 1587 at
1699 1554 1802 1587 cum
1833 1538 1919 1585 Se·

243 1610 448 1661 nonibus
476 1611 821 1675 pugnavimus:
866 1609 1054 1657 scilicet
1080 1609 1248 1657 Vulsci
1287 1616 1333 1657 et
1359 1608 1518 1672 Aequi
1553 1623 1803 1672 numquam
1839 1606 1918 1654 ad-

185 1700 227 1732 25
245 1696 434 1731 versam
459 1679 603 1728 nohis
631 1682 783 1729 aciem
811 1679 1103 1727 instruxere.
1150 1679 1276 1743 capti
1303 1692 1330 1726 a
1361 1677 1509 1727 Gallis
1537 1693 1720 1727 sumus:
1747 1677 1844 1731 ,sed
1873 1683 1920 1724 et

246 1751 416 1801 Tuscis
446 1749 643 1799 obsides
670 1749 884 1797 dedimus
908 1756 955 1797 et
981 1749 1254 1796 Samnitium
1280 1749 1440 1812 iugum
1469 1749 1713 1797 subiimuS.
1769 1762 1825 1795 ac
1853 1755 1917 1794 ta-

244 1836 379 1883 men,
407 1821 445 1867 si
478 1826 647 1867 cuncta
674 1819 805 1867 bella
829 1832 1110 1880 recenseaS‚
1139 1818 1317 1866 nullum
1345 1817 1572 1868 breviore
1600 1818 1757 1883 spatio
1780 1830 1918 1881 quam

247 1891 480 1941 adversus
509 1889 674 1938 Gallos
704 1888 1000 1937 confectum:
1059 1888 1281 1937 continua
1312 1888 1422 1936 inde
1457 1904 1516 1938 ac
1546 1888 1637 1937 fida
1664 1902 1775 1951 pax.
1827 1887 1916 1934 iam

245 1959 460 2010 moribus
505 1959 685 2008 artibus
725 1957 1043 2007 adfinitatibus
1094 1960 1287 2006 nostris?
1310 1959 1443 2019 mixti
1489 1973 1652 2007 aurum
1699 1965 1748 2006 et
1796 1970 1919 2020 opes

188 2053 228 2085 ³0
249 2046 358 2080 suas
394 2030 602 2078 inferant
633 2029 792 2093 potius
830 2044 967 2092 quam
1002 2030 1212 2092 separati
1249 2028 1472 2077 habeant.
1535 2028 1715 2090 omnia,
1759 2033 1920 2091 patres

249 2101 544 2164 conscripti,
582 2114 704 2162 quae
749 2114 874 2146 nunc
907 2099 1230 2147 vetustissima
1269 2098 1552 2161 creduntur,
1590 2111 1716 2146 nova
1756 2096 1917 2144 fuere:

245 2170 409 2236 plebei
441 2170 749 2231 magistratus
777 2175 887 2232 post
907 2170 1139 2232 patricios
1157 2206 1170 2230 ,
1196 2168 1346 2216 Latini
1374 2176 1486 2232 post
1510 2167 1762 2232 plebeioS,
1792 2172 1919 2214 cete-

245 2255 404 2290 rarum
426 2239 594 2287 Italiae
620 2239 830 2301 gentium
858 2245 968 2302 post
987 2237 1195 2286 Latinos.
1247 2239 1569 2286 inveterascet
1593 2237 1688 2285 hoc
1709 2249 1920 2301 quoque,

249 2317 295 2357 et
323 2309 451 2373 quod
477 2308 620 2356 hodie
648 2308 884 2371 exemplis
907 2315 1115 2371 tuemur,
1148 2309 1271 2355 inter
1300 2308 1523 2372 exempla
1553 2308 1691 2355 erit.'

358 2379 441 2426 25.
483 2377 761 2425 Orationem
805 2378 1038 2442 principis
1084 2384 1251 2424 secuto
1295 2385 1478 2440 patrum
1526 2375 1746 2425 consulto
1783 2373 1921 2438 primi

248 2447 407 2497 Aedui
437 2454 710 2495 senatorum
736 2447 782 2494 in
818 2446 935 2494 urbe
967 2448 1039 2494 ius
1077 2446 1236 2509 adepti
1278 2454 1398 2494 sunt.
1453 2445 1611 2495 datum
1651 2444 1696 2493 id
1732 2442 1921 2493 foederi

250 2519 469 2582 antiquo,
505 2523 553 2564 et
588 2517 696 2580 quia
732 2515 825 2564 soli
859 2515 1102 2564 Gallorum
1141 2516 1453 2564 fraternitatis
1482 2529 1658 2564 nomen
1700 2528 1803 2562 curn
1834 2526 1918 2577 po-

249 2588 363 2653 pulo
390 2589 607 2636 Romano
637 2592 883 2649 usurpant.

207 2679 227 2712 5
354 2657 512 2707 Isdem
539 2656 705 2705 diebus
731 2656 777 2703 in
803 2671 1047 2704 numerum
1075 2655 1385 2720 patriciorum
1412 2655 1614 2704 adscivit
1635 2651 1816 2702 Caesar
1838 2668 1920 2701 ve-

248 2728 556 2776 tustissimum
604 2740 839 2790 quemque
885 2741 912 2773 e
963 2734 1131 2774 senatu
1182 2733 1259 2773 aut
1307 2725 1479 2789 quibus
1524 2724 1641 2773 clari
1694 2729 1921 2786 parentes

247 2797 462 2858 fuerant,
492 2799 660 2860 paucis
686 2798 778 2844 iam
803 2795 1002 2859 reliquis
1029 2795 1309 2843 familiarum
1327 2832 1339 2855 ,
1373 2809 1492 2858 quas
1517 2792 1748 2842 Romulus
1774 2792 1920 2841 maio·

247 2881 350 2913 rum
378 2874 424 2913 et
450 2865 499 2913 L.
527 2866 698 2914 Brutus
733 2866 963 2913 minorum
997 2867 1207 2928 gentium
1243 2864 1635 2927 appellaverant,
1676 2862 1922 2910 exhaustis

251 2935 390 2983 etiam
418 2949 535 2998 quas
567 2935 771 2983 dictator
800 2932 980 2983 Caesar
1008 2935 1121 2996 lege
1150 2931 1316 2982 Cassia
1344 2940 1391 2981 et
1419 2933 1647 2997 princeps
1673 2931 1922 2995 Augustus
