1976 3224
249 179 350 230 328
662 190 935 228 conmznn
963 189 1159 227 TACITI
1185 190 1491 230 ANNALmM

192 339 232 373 15
250 318 479 367 victorias
518 318 620 366 sine
659 317 829 366 damno
880 319 1176 367 exercituum
1216 317 1514 382 displicere?
1573 334 1635 367 ne
1679 320 1917 373 hominem

168 388 170 390 ’
246 387 389 437 bonis
417 387 623 452 publicis
649 394 904 450 maestum,
943 395 990 436 et
1015 389 1094 451 qui
1128 388 1235 436 fora
1264 388 1453 438 theatra·
1475 389 1654 453 templa
1682 405 1772 454 pro
1800 392 1914 442 soli-

246 457 408 507 tudine
438 456 657 519 haberet,
687 458 765 520 qui
791 458 1087 506 minitaretur
1113 458 1306 506 exilium
1328 474 1478 522 suum,
1511 458 1782 510 ambitionis
1806 476 1913 526 pra·

246 542 337 576 vae
365 534 639 591 compotem
663 527 898 575 facerent.
952 541 1048 575 non
1089 527 1158 576 illi
1189 528 1408 577 consulta
1445 528 1593 592 haec,
1630 543 1726 578 non
1764 532 1891 594 magi

246 603 423 645 stratus
449 603 528 645 aut
553 597 818 646 Romanam
853 596 1020 645 urbem
1045 597 1213 646 videri.
1266 598 1574 663 abrumperet
1604 600 1748 648 vitam
1769 599 1828 650 ab
1856 615 1911 648 ea

186 685 228 718 20
248 667 461 729 civitate,
491 667 624 715 cuius
652 668 900 716 caritatem
929 666 1060 730 olim,
1085 682 1211 716 nunc
1237 675 1285 716 et
1312 675 1560 732 aspectum
1585 669 1814 718 exuisset.

351 735 436 785 29.
475 732 595 784 Cum
623 752 712 802 per
734 736 860 786 haec
888 744 1030 801 atque
1064 737 1178 787 talia
1201 737 1490 801 MarcelluS,
1527 745 1577 786 ut
1614 732 1718 788 erat
1746 746 1912 788 torvus

245 821 302 854 ac
326 808 514 869 minax,
552 821 679 855 voce
705 806 839 855 voltu
871 807 1026 856 oculis
1054 806 1364 870 ardesceret,
1393 822 1489 856 non
1512 807 1595 858 illa
1620 815 1734 858 nota
1761 816 1810 857 et
1834 824 1911 858 ce·

243 876 468 925 lebritate
498 876 825 941 periculorum
853 884 986 926 sueta
1016 878 1108 925 iam
1134 884 1329 926 senatus
1352 878 1615 940 maestitia,
1643 877 1731 927 sed
1756 891 1912 927 novus

245 953 293 995 et
318 946 462 995 altior
486 960 642 1010 pavor
660 962 825 996 manus
847 953 896 995 et
920 946 1016 995 tela
1037 946 1233 995 militum
1253 947 1575 996 cernentibus,
1605 947 1741 997 simul
1757 949 1908 1012 ipsius

200 1034 220 1065 5
245 1015 492 1064 Thraseae
518 1015 812 1066 venerabilis
837 1017 1034 1080 species
1061 1015 1437 1073 obversabatur;
1466 1024 1514 1065 et
1542 1024 1676 1065 erant
1696 1018 1775 1081 qui
1797 1017 1903 1066 Hel-

243 1086 420 1135 vidium
458 1100 651 1149 quoque
676 1087 1043 1149 miserarentur,
1079 1087 1302 1134 innoxiae
1334 1084 1588 1135 adfinitatis
1618 1100 1801 1151 poenas
1829 1086 1906 1134 da-

241 1162 412 1203 turum.
467 1155 578 1219 quid
599 1154 872 1220 Agrippino
895 1154 1138 1204 obiectum
1156 1156 1246 1203 nisi
1260 1156 1448 1203 'tristem
1470 1155 1621 1220 patris
1639 1152 1910 1205 fortunam?

241 1224 430 1290 quando
470 1233 518 1273 et
548 1224 631 1273 ille
668 1224 868 1289 perinde
902 1226 1138 1274 innocens
1166 1224 1346 1274 Tiberii
1371 1225 1574 1274 saevitia
1602 1224 1906 1274 concidisset.

241 1296 486 1343 enimvero
513 1294 788 1343 Montanum
816 1293 1009 1359 probae
1027 1295 1252 1343 iuventae
1281 1309 1439 1359 neque
1465 1294 1637 1344 famosi
1665 1294 1904 1358 carminiS,

183 1381 224 1415 10
241 1366 349 1429 quia
374 1364 633 1427 protulerit
661 1365 920 1429 ingenium,
951 1371 1195 1412 extorrem
1221 1365 1316 1427 agi.

344 1435 427 1484 30.
468 1433 630 1498 Atque
657 1434 846 1483 interim
876 1434 1094 1483 Ostorius
1121 1434 1324 1483 Sabinus
1351 1434 1524 1482 Sorani
1560 1439 1816 1483 accusator
1838 1433 1905 1481 in·

238 1503 455 1567 greditur
483 1504 762 1568 orditurque
790 1503 850 1553 de
876 1504 1079 1553 amicitia
1104 1503 1315 1553 Rubellii
1341 1503 1513 1566 Plauti,
1542 1503 1768 1568 quodque
1795 1515 1904 1567 pro-

241 1573 539 1622 consulatum
567 1573 717 1622 Asiae
743 1573 956 1623 Soranus
983 1587 1072 1638 pro
1101 1573 1317 1627 claritate
1341 1573 1432 1621 sibi
1458 1573 1614 1638 potius
1636 1572 1904 1621 adcommo-

239 1643 395 1692 datum
423 1658 563 1708 quam
593 1659 655 1692 ex
681 1643 881 1693 utilitate
910 1644 1146 1692 communi
1179 1643 1390 1706 egisset,
1430 1641 1605 1690 alendo
1643 1641 1906 1690 seditiones

198 1729 218 1761 5
241 1713 512 1763 civitatium.
569 1721 734 1761 vetera
759 1713 908 1761 haec:
953 1712 1040 1761 sed
1074 1724 1250 1760 recens
1275 1718 1323 1760 et
1349 1725 1443 1775 quo
1474 1710 1730 1759 discrimini
1757 1709 1906 1773 patris

239 1783 382 1832 filiam
418 1782 724 1845 conectebat,
751 1780 880 1846 quod
912 1782 1164 1846 pecuniam
1189 1782 1343 1844 magis
1371 1780 1595 1843 dilargita
1622 1785 1769 1827 esset.
1824 1792 1903 1827 ac-

240 1852 423 1900 ciderat
458 1867 575 1901 sane
615 1853 794 1916 pietate
821 1851 1060 1899 Serviliae
1097 1850 1172 1916 (id
1199 1851 1324 1898 enim
1350 1864 1526 1898 nomen
1554 1848 1747 1913 puellae
1774 1847 1903 1911 fuit),

238 1937 361 1986 quae
392 1922 592 1970 caritate
619 1935 738 1984 erga
766 1927 1041 1985 parentem,
1079 1919 1216 1968 simul
1247 1918 1548 1983 inprudentia
1574 1918 1773 1981 aetatis,
1809 1929 1905 1965 non

236 1998 394 2039 tamen
421 1990 547 2040 aliud
576 1990 933 2040 consultaverat
961 2004 1100 2054 quam
1121 1989 1181 2038 de
1205 1989 1529 2039 incolumitate
1555 1988 1740 2048 domuS,
1770 1994 1817 2035 et
1848 2000 1904 2033 an

181 2076 221 2109 ιο
241 2060 493 2126 placabilis
533 2060 693 2111 Ner0.
750 2075 809 2109 an
850 2060 1062 2122 cognitio
1110 2066 1302 2107 senatus
1341 2059 1458 2107 nihil
1501 2065 1643 2108 atrox
1675 2055 1902 2106 adferret.

235 2132 382 2194 igitur
410 2138 564 2180 accita
593 2138 667 2179 est
691 2132 736 2179 in
763 2136 1002 2179 senatum.
1039 2136 1369 2194 steteruntque
1403 2127 1581 2177 diversi
1612 2133 1726 2175 ante
1758 2123 1901 2174 tribu·

237 2200 313 2250 nal
347 2201 592 2249 consulum
621 2197 819 2263 grandis
846 2213 968 2248 aevo
999 2213 1197 2264 parens,
1236 2205 1403 2247 contra
1427 2198 1523 2247 filia
1547 2197 1669 2246 intra
1693 2194 1899 2243 vicensi-

235 2283 358 2318 mum
387 2271 557 2318 aetatis
588 2285 783 2332 annum,
815 2283 970 2333 nuper
1001 2275 1170 2317 marito
1198 2268 1356 2317 Annio
1384 2267 1606 2317 Pollione
1634 2280 1683 2314 m
1711 2263 1901 2314 exilium

236 2339 379 2404 pulso
426 2339 615 2388 viduata
663 2339 1003 2402 desolataque,
1054 2353 1111 2387 ac
1145 2345 1427 2407 nepatrem
1467 2335 1655 2402 quidem
1696 2335 1899 2394 intuens,

180 2423 220 2456 15
240 2409 371 2458 cuius
399 2422 629 2458 onerasse
659 2408 878 2472 pericula
906 2407 1173 2457 videbatur.

338 2478 423 2528 31.
459 2477 577 2528 Tum
612 2478 942 2540 interrogante
979 2484 1290 2538 accusatore,
1328 2491 1386 2525 an
1418 2475 1570 2524 cultus
1596 2472 1809 2535 dotaleS,
1842 2485 1901 2519 an

237 2546 502 2598 detractum
542 2548 721 2597 cervici
755 2546 932 2595 monile
959 2561 1131 2595 venum
1156 2545 1396 2607 dedisset,
1435 2559 1530 2610 quo
1557 2543 1805 2610 pecuniam
1832 2539 1899 2589 sa-

240 2617 421 2667 ciendis
453 2618 654 2681 magicis
692 2618 842 2666 sacris
883 2616 1219 2679 contraheret,
1250 2616 1450 2679 primum
1477 2621 1624 2663 strata
1649 2611 1773 2662 humi
1797 2609 1897 2658 lon-

236 2703 300 2751 go
340 2703 397 2736 ue
434 2688 545 2736 fletu
585 2694 633 2735 et
667 2687 885 2749 silenti0,
928 2693 1041 2751 post
1066 2685 1232 2734 altaria
1270 2692 1318 2733 et
1341 2699 1472 2734 aram
1499 2672 1899 2747 complexa‘nul-

198 2757 317 2809 5108
365 2758 517 2821 inquit
538 2749 733 2820 ‘impios
761 2755 907 2818 deOS,
942 2755 1097 2804 nullas
1124 2754 1440 2817 devotiones,
1477 2769 1570 2803 nec
1594 2749 1719 2801 aliud
1745 2745 1899 2797 infeli-

238 2826 372 2874 cibus
409 2825 636 2890 precibus
674 2826 896 2874 invocavi
936 2840 1074 2889 quam
1114 2831 1162 2873 ut
1196 2823 1321 2873 hunc
1350 2824 1576 2889 optimum
1612 2826 1796 2885 patrem
1830 2822 1896 2877 tu,

237 2893 443 2958 Caesar,
482 2909 595 2959 vOS,
630 2902 820 2960 patreS,
864 2896 1127 2944 servaretis
1158 2893 1459 2943 incolumem.
1515 2891 1587 2939 sic
1612 2900 1825 2953 gemmas
1851 2890 1901 2932 et
