1976 3224
202 191 268 241 90
634 197 1124 239 CORNELII'TACITI
1145 203 1449 242 ANNALIUM

203 329 434 379 dissoluta
462 343 585 392 quae
612 328 860 390 Augustus
886 330 1134 379 voluisset.
1179 330 1265 379 fuit
1284 331 1487 396 posthac
1507 333 1553 379 in
1574 330 1693 381 urbe
1713 347 1870 398 neque

202 401 417 449 honores
442 399 645 462 adeptus
672 405 763 446 est.

308 468 391 518 25.
427 468 648 516 Relatum
673 467 848 516 deinde
878 468 937 516 de
962 469 1253 518 moderanda
1279 469 1428 534 Papia
1452 469 1701 535 Poppaea,
1731 487 1869 536 quam

203 540 365 589 senior
399 538 647 601 Augustus
684 544 797 602 post
830 537 975 587 Iulias
1013 540 1296 602 rogationes
1338 539 1590 588 incitandis
1635 540 1871 591 caelibum

202 609 375 675 poenis
416 615 463 656 et
496 607 716 671 augendo
764 609 950 656 aerario
989 616 1231 658 sanxerat.
1286 624 1380 657 nec
1416 608 1527 658 ideo
1565 611 1788 673 coniugia
1824 618 1874 660 et

202 679 515 728 educationes
559 677 762 726 liberum
806 676 1262 742 frequentabantur,
1313 678 1592 744 praevalida
1634 679 1869 730 orbitate:

156 770 178 802 5
202 757 416 798 ceterum
443 746 691 796 multitudo
718 746 1087 812 periclitantium
1111 747 1370 812 gliscebat,
1401 764 1507 798 cum
1528 749 1682 798 omnis
1702 748 1870 798 domus

200 819 466 868 delatorum
497 816 973 882 interpretationibus
1000 817 1363 867 subverteretur
1388 826 1532 883 utque
1560 818 1764 870 antehac
1788 819 1871 870 fla-

199 890 354 953 gitiis,
390 890 454 937 ita
491 894 606 935 tunc
636 886 829 950 legibus
865 885 1189 937 laborabatur.
1251 903 1308 937 ea
1345 903 1428 936 res
1463 888 1688 938 admonet
1724 896 1774 937 ut
1812 888 1874 938 de

201 959 449 1024 principiis
470 957 602 1020 iuriS,
630 963 677 1005 et
695 956 866 1021 quibus
885 956 1039 1006 modis
1067 957 1126 1007 ad
1142 957 1264 1009 hanc
1283 951 1626 1007 multitudinem
1645 957 1873 1007 infinitam

201 1044 259 1077 ac
288 1028 570 1077 varietatem
594 1027 756 1089 legum
782 1034 1066 1091 perventum
1093 1028 1170 1090 sit,
1198 1027 1338 1076 altius
1365 1027 1614 1078 disseram.

305 1098 387 1147 26.
428 1097 754 1146 Vetustissimi
789 1096 1082 1159 mortalium
1125 1097 1254 1146 nulla
1292 1097 1446 1147 adhuc
1489 1097 1614 1146 mala
1654 1095 1871 1159 libidine,

201 1170 305 1216 sine
341 1165 552 1231 probro,
591 1166 783 1216 scelere
819 1181 977 1246 eoque
1022 1167 1126 1215 sine
1171 1181 1330 1232 poena
1373 1174 1452 1216 aut
1498 1165 1872 1219 coercitionibus

199 1235 426 1319 agebant.
477 1251 636 1300 neque
665 1236 892 1306 praemiis
921 1251 1042 1302 opus
1069 1244 1199 1299 erat,
1240 1253 1346 1286 cum
1374 1236 1576 1285 honesta
1604 1243 1778 1303 suopte
1804 1238 1871 1284 in-

200 1308 346 1371 genio
372 1313 674 1370 peterentum
713 1314 762 1355 et
785 1304 866 1354 ubi
892 1306 1008 1355 nihil
1036 1314 1202 1355 contra
1239 1321 1424 1356 morem
1463 1312 1722 1372 cuperent,
1759 1305 1874 1357 nihil

157 1398 178 1430 5
201 1393 291 1442 per
313 1384 489 1425 metum
529 1375 826 1425 vetabantur.
871 1383 918 1425 at
954 1383 1212 1457 postquam
1252 1377 1363 1425 exui
1403 1377 1668 1442 aequalitas
1707 1384 1754 1425 et
1783 1391 1872 1442 pro

198 1446 433 1496 modestia
464 1461 521 1494 ac
551 1445 737 1510 pudore
765 1445 956 1495 ambitio
985 1454 1032 1494 et
1058 1448 1129 1494 vis
1163 1446 1444 1510 incedebat,
1487 1460 1762 1512 provenere
1790 1445 1871 1495 do-

197 1517 483 1566 minationes
507 1516 780 1580 multosque
813 1516 938 1581 apud
965 1516 1177 1580 populos
1204 1524 1452 1566 aeternum
1478 1531 1718 1565 mansere.
1773 1517 1872 1580 qui-

198 1587 306 1636 dam
330 1587 503 1648 statim,
531 1593 610 1634 aut
637 1594 890 1650 postquam
917 1599 1083 1649 regum
1110 1593 1400 1650 pertaesum,
1425 1585 1565 1649 leges
1586 1585 1870 1634 maluerunt.

199 1672 287 1705 eae
313 1657 468 1719 primo
494 1655 690 1704 rudibus
721 1656 960 1704 hominum
984 1656 1148 1704 animis
1183 1655 1427 1720 simplices
1453 1661 1625 1711 erant5·
1648 1655 1872 1703 maxime-

142 1744 182 1776 10
203 1741 296 1790 que
322 1725 446 1774 fama
475 1724 741 1773 celebravit
779 1723 1102 1787 Cretensium,
1144 1740 1265 1788 quas
1289 1725 1468 1787 Minos,
1510 1725 1872 1788 Spartanorum,

199 1810 317 1860 quas
337 1793 603 1857 Lycurgus,
633 1809 689 1843 ac
708 1809 823 1842 mox
841 1793 1217 1843 Atheniensibus
1240 1795 1562 1859 quaesitiores
1584 1794 1675 1842 iam
1698 1799 1746 1841 et
1770 1792 1871 1857 plu-

198 1879 277 1913 res
306 1864 424 1913 Solo
451 1864 754 1929 perscripsit.
808 1862 948 1913 nobis
969 1862 1229 1927 RomuluS,
1254 1871 1303 1913 ut
1329 1863 1537 1925 libitum,
1565 1863 1872 1927 imperitave-

198 1941 297 1983 rat:
324 1934 433 1983 dein
458 1933 611 1984 Numa
636 1933 954 1997 religionibus
984 1941 1032 1982 et
1057 1933 1218 1983 divino
1246 1935 1348 1982 iure
1384 1932 1615 1998 populum
1643 1931 1872 1995 devinxit,

197 2011 489 2068 repertaque
523 2004 755 2068 quaedam
791 2018 818 2051 a
849 2003 988 2053 Tullo
1029 2011 1076 2052 et
1107 2003 1263 2053 Anco.
1316 2004 1403 2052 sed
1444 2002 1735 2067 praecipuus
1762 2001 1871 2050 Ser-

144 2096 182 2130 15
199 2074 302 2122 vius
331 2073 513 2175 Tullius
540 2081 735 2122 sanctor
773 2073 934 2137 legum
970 2073 1079 2137 fuit,
1122 2075 1225 2138 quis
1262 2075 1404 2122 etiam
1440 2087 1586 2134 reges
1624 2070 1871 2136 obtempe-

198 2151 377 2192 rarent.

302 2213 386 2261 27.
423 2212 567 2261 Pulso
605 2212 864 2277 Tarquinio
909 2212 1161 2261 adversum
1209 2220 1394 2277 patrum
1441 2183 1679 2259 factiones
1727 2209 1872 2258 multa

199 2282 407 2346 populus
445 2284 631 2345 paravit
665 2282 870 2330 tuendae
908 2281 1145 2331 libertatis
1180 2289 1226 2330 et
1265 2279 1519 2329 firmandae
1552 2279 1868 2334 concordiae;

200 2352 446 2414 creatique
475 2350 734 2398 decemviri
765 2358 813 2398 et
838 2352 1006 2399 accitis
1036 2366 1157 2415 quae
1190 2365 1387 2413 usquam
1430 2349 1634 2411 egregia
1675 2362 1868 2412 compo-

200 2421 322 2469 sitae
349 2418 602 2468 duodecim
627 2419 836 2482 tabulae,
865 2420 971 2468 linis
997 2421 1136 2483 aequi
1164 2420 1293 2467 iuris.
1348 2433 1454 2467 nam
1493 2425 1691 2466 secutae
1729 2417 1870 2479 leges

160 2511 180 2541 5
199 2490 290 2539 etsi
317 2489 570 2553 aliquando
599 2490 646 2536 in
668 2488 917 2538 maleficos
949 2504 1011 2537 ex
1035 2488 1239 2550 delicto,
1278 2489 1472 2552 saepius
1503 2494 1661 2535 tamen
1685 2485 1868 2534 dissen-

198 2561 334 2609 sione
367 2558 582 2607 ordinum
607 2566 654 2606 et
682 2558 932 2622 apiscendi
959 2558 1167 2607 inlicitos
1194 2558 1405 2607 honores
1433 2563 1511 2605 aut
1534 2554 1747 2620 pellendi
1773 2556 1867 2604 cla-

197 2644 280 2678 ros
309 2630 443 2677 viros
471 2628 660 2692 aliaque
693 2627 755 2676 ob
787 2642 939 2692 prava
965 2643 1053 2692 per
1078 2630 1172 2677 vim
1199 2628 1324 2677 latae
1352 2633 1477 2675 sunt.
1530 2625 1638 2673 hinc
1667 2623 1867 2686 Gracchi

197 2706 245 2746 et
270 2698 508 2747 Saturnini
534 2697 808 2746 turbatores
834 2696 1020 2762 plebis,
1057 2712 1148 2746 nec
1172 2699 1327 2746 minor
1351 2695 1552 2758 largitor
1577 2696 1766 2742 nomine
1793 2709 1866 2742 se-

196 2774 334 2814 natus
367 2766 579 2822 Drusus;
623 2768 835 2831 corrupti
881 2782 970 2832 spe
1013 2775 1092 2816 aut
1132 2767 1273 2815 inlusi
1335 2780 1425 2830 per
1470 2763 1868 2812 intercessionem

142 2851 181 2885 10
199 2837 334 2883 socii.
382 2851 439 2884 ac
465 2851 525 2884 ne
550 2835 682 2885 bello
719 2836 905 2899 quidem
942 2836 1138 2898 Italico,
1179 2850 1291 2883 mox
1328 2833 1456 2882 civili
1490 2833 1713 2881 omissum
1755 2832 1869 2895 quin

197 2903 342 2952 multa
369 2911 415 2952 et
443 2904 633 2952 diversa
665 2906 1007 2966 sciscerentur,
1039 2904 1194 2953 donec
1216 2904 1267 2952 L.
1299 2902 1431 2951 Sulla
1468 2900 1673 2949 dictator
1715 2901 1866 2949 aboli-
