1976 3224
249 211 348 261 172
700 220 972 260 commu
999 220 1195 259 TAol'rI
1217 222 1520 260 ANNALIUM

185 353 243 398 38
349 352 434 399 44.
472 351 607 410 Quae
636 348 818 398 duabus
846 350 1107 398 aestatibus
1139 356 1277 411 gesta
1305 351 1555 411 coniunxi,
1593 365 1687 414 quo
1723 354 1912 418 requie·

243 427 405 468 sceret
432 422 612 469 animus
641 434 666 468 a
693 419 1162 475 domesticiS‚malis;
1191 434 1286 468 nou
1313 421 1436 468 enim
1461 419 1720 484 Tiberium,
1753 437 1912 486 quam-

245 504 383 553 quam
405 490 609 537 triennio
639 496 751 553 post
779 489 977 538 caedem
1003 489 1190 551 Seiani,
1228 504 1351 553 quae
1378 498 1573 538 ceteros
1606 490 1796 540 mollire
1835 507 1913 541 so-

242 560 358 622 lent,
386 567 578 623 tempus
602 574 780 622 preces
809 559 955 608 satias
981 558 1284 621 mitigabant,
1325 561 1436 624 quin
1474 561 1656 610 incerta
1691 561 1771 610 vel
1799 561 1911 610 abo-

201 633 220 664 5
241 629 325 677 lita
352 643 441 693 pro
468 630 766 692 gravissimis
795 636 842 677 et
865 628 1142 677 recentibus
1169 629 1374 693 puniret.
1426 643 1485 678 eo
1514 637 1642 678 metu
1668 629 1914 679 Fulcinius

242 699 376 761 Tri0,
402 700 669 762 ingruentis
695 706 1007 747 accusatores
1031 695 1156 747 haud
1183 713 1479 763 perpessus,
1509 702 1745 764 supremis
1779 699 1911 750 tabu·

241 769 300 817 lis
329 768 474 817 multa
500 777 547 817 et
579 770 764 817 atrocia
801 769 847 816 in
889 768 1165 818 Macronem
1203 784 1258 817 ac
1299 771 1594 834 praecipuos
1633 769 1910 822 libertorum

241 837 465 888 Caesaris
488 840 759 903 conposuit,
786 839 881 903 ipsi
902 838 1076 887 fluxam
1102 840 1235 886 senio
1258 847 1464 887 mentem
1489 847 1538 888 et
1559 841 1783 889 continno
1804 840 1905 889 abs·

223 899 383 957 ‘cessu
421 909 554 957 velut
595 908 789 957 exilium
831 908 1137 957 obiectando.
1199 923 1322 972 quae
1359 908 1418 957 ab
1454 908 1713 958 heredibus
1750 910 1911 959 occul-

181 983 221 1017 10
237 986 331 1028 tata
354 979 549 1027 recitari
576 977 796 1027 Tiberius
817 979 967 1042 iussit,
993 978 1267 1042 patientiam
1288 977 1520 1027 libertatis
1544 979 1729 1028 alienae
1752 988 1910 1029 osten-

237 1055 342 1098 tans
384 1056 432 1097 et
470 1055 775 1112 contemptor
814 1063 929 1096 suae
965 1048 1210 1110 infamiae,
1259 1063 1318 1096 an
1356 1049 1595 1098 scelerum
1630 1049 1790 1098 Seiani
1834 1049 1911 1098 diu

236 1119 432 1166 nescius
461 1132 574 1166 mox
602 1132 795 1182 quoquo
820 1118 963 1166 modo
991 1118 1117 1166 dicta
1141 1117 1330 1180 vulgari
1349 1118 1558 1167 malebat
1578 1121 1908 1184 veritatisque,

238 1188 313 1236 cui
342 1188 551 1237 adulatio
582 1188 760 1249 officit,
799 1203 889 1251 per
930 1187 1112 1252 probra
1159 1187 1329 1245 saltem
1362 1203 1541 1250 gnarus
1583 1188 1703 1237 fieri.
1758 1190 1910 1240 isdem

237 1257 403 1306 diebus
442 1257 642 1307 Granius
678 1258 947 1307 Marcianus
985 1264 1208 1318 senator,
1251 1273 1276 1305 a
1305 1256 1359 1305 C.
1388 1257 1608 1308 Graccho
1647 1259 1908 1308 maiestatis

180 1336 219 1369 1⁵
239 1327 527 1392 postulatuS,
557 1329 650 1375 vim
683 1329 810 1376 vitae
834 1342 949 1376 suae
975 1327 1152 1389 attulit,
1191 1327 1458 1392 Tariusque
1495 1326 1743 1377 Gratianus
1770 1343 1907 1393 prae·

238 1406 343 1446 tura
367 1398 558 1446 functus
587 1398 700 1460 lege
728 1397 897 1446 eadem
922 1405 1187 1446 extremum
1213 1397 1273 1446 ad
1298 1398 1587 1463 supplicium
1609 1397 1873 1448 damnatuS.

177 1459 234 1504 39
338 1468 423 1517 45.
472 1466 577 1516 Nec
622 1468 841 1531 dispares
888 1466 1186 1518 Trebellieni
1228 1467 1335 1516 Rufi
1377 1474 1424 1516 et
1461 1468 1610 1516 Sextii
1651 1467 1907 1518 Paconiani

237 1538 418 1586 exitus:
454 1552 560 1586 nam
598 1536 936 1586 Trebellienus
977 1551 1061 1586 sua
1101 1551 1236 1584 manu
1275 1537 1474 1599 cecidit,
1517 1537 1813 1587 Paconianus
1862 1538 1908 1584 in

238 1622 438 1657 carcere
475 1607 538 1655 ob
575 1609 782 1656 carmina
818 1607 918 1656 illic
953 1607 1001 1655 in
1036 1608 1300 1671 principem
1336 1608 1551 1655 factitata
1587 1607 1908 1670 strangulatus

237 1685 326 1726 est.
377 1678 499 1726 haec
530 1677 749 1726 Tiberius
776 1692 870 1725 non
895 1678 1030 1738 mari,
1061 1684 1108 1724 ut
1134 1677 1264 1740 olim,
1294 1676 1471 1724 divisus
1495 1691 1651 1741 neque
1681 1692 1769 1740 per
1803 1676 1905 1725 lon-

198 1760 216 1790 5
240 1749 448 1810 ginquos
465 1749 654 1795 nuntios
676 1747 965 1810 accipiebat,
998 1745 1084 1793 sed
1104 1747 1272 1795 urbem
1299 1748 1447 1808 iuxta,
1470 1746 1639 1795 eodem
1661 1754 1710 1795 ut
1731 1747 1807 1795 die
1829 1745 1907 1794 vel

231 1817 390 1865 noctis
416 1817 671 1865 interiectu
698 1816 852 1865 literis
880 1815 1129 1865 consulum
1153 1815 1471 1879 rescriberet,
1501 1817 1635 1880 quasi
1663 1817 1907 1880 aspiciens

231 1886 486 1935 undantem
512 1901 602 1950 per
630 1886 799 1935 domos
826 1887 1106 1949 sanguinem
1144 1894 1223 1935 aut
1262 1901 1427 1935 manus
1464 1886 1753 1935 carnificum.
1784 1887 1924 1963 Q

231 1957 342 2023 anni
387 1955 1362 2023 Poppaeug„,§abinusfffionessfissiiwxjta,
1413 1956 1630 2005 modicus
1685 1956 1905 2019 originis,

235 2026 518 2100 principumv
539 2027 762 2095 amicitia,
785 2025 1185 2095 9.9.!²„S.!¹.¹.³P¹1¹1¹„³.0
1213 2015 1906 2097 trififfiiffiffiffiffffffiffis

176 2109 217 2142 10
234 2093 548 2161 maximi-sque
570 2091 842 2163 provin-ciis·
861 2090 1457 2163 per'*quattuor“et''vi‘gifiti
1477 2096 1904 2165 annosinpositus,

230 2166 407 2215 nullam
436 2165 497 2214 ob
526 2157 947 2227 exImiam'art'em',
987 2156 1350 2229 sedwqfioff‘p'ar
1382 2153 1903 2229 negoiifs'neqiiffs'ii-

231 2252 317 2298 pra
345 2243 464 2284 erat.

172 2308 229 2351 40
336 2305 420 2353 46.
459 2306 518 2366 Q.
551 2305 760 2353 Plautius
800 2307 913 2354 Sex.
952 2304 1177 2369 Papinius
1227 2305 1452 2353 consules
1496 2310 1772 2368 sequuntur.
1845 2317 1904 2352 eo

231 2388 353 2422 anno
379 2374 485 2402 *⁸³*
512 2389 671 2438 neque
702 2375 830 2437 quod
867 2375 917 2423 L.
945 2374 1181 2422 Aruseius
1217 2381 1371 2422 morte
1411 2373 1588 2422 adfecti
1612 2374 1795 2435 forent,
1823 2372 1903 2421 ad—

234 2442 482 2492 suetudine
508 2443 741 2491 malorum
769 2452 818 2492 ut
844 2452 984 2492 atrox
1015 2443 1374 2504 advertebatur,
1405 2442 1492 2491 sed
1517 2443 1748 2491 exterruit
1777 2442 1905 2505 quod

231 2513 500 2563 Vibulenus
541 2512 763 2577 Agrippa
803 2529 954 2577 eques
990 2514 1263 2575 Romanus,
1305 2528 1408 2561 cum
1433 2518 1742 2577 perorassent
1763 2525 1902 2560 accu-

191 2605 210 2636 5
235 2590 441 2646 satores,
472 2585 519 2631 in
546 2583 652 2647 ipsa
679 2584 809 2632 curia
835 2583 1169 2647 depromptum
1199 2585 1301 2631 sinu
1331 2597 1566 2630 venenum
1592 2581 1761 2643 hausit,
1789 2595 1901 2645 pro·

228 2653 490 2717 lapsusque
520 2667 577 2701 ac
603 2652 914 2709 moribundus
942 2653 1176 2701 festinatis
1210 2653 1430 2700 lictorum
1469 2650 1681 2700 manibus
1714 2651 1761 2698 in
1800 2666 1901 2702 catr-

230 2738 389 2770 cerem
415 2730 578 2786 raptus
621 2731 719 2784 est,
762 2723 1027 2786 faucesque
1066 2723 1155 2769 iam
1197 2723 1428 2771 exanimis
1467 2722 1639 2784 laqueo
1678 2727 1899 2768 vexatae.

228 2807 287 2839 ne
314 2792 548 2855 Tigranes
577 2792 784 2855 quidem,
815 2792 1040 2840 Armenia
1069 2792 1304 2854 quondam
1330 2793 1507 2855 potitus
1535 2803 1592 2837 ac
1621 2795 1732 2837 tunc
1768 2804 1898 2851 reuS,

228 2863 418 2909 nomine
445 2862 585 2923 regio
613 2861 853 2926 supplicia
883 2862 1055 2910 civium
1087 2861 1267 2923 effugit.
1324 2869 1371 2908 at
1410 2859 1463 2908 C.
1504 2857 1654 2907 Galba
1679 2859 1897 2906 consula-

175 2948 211 2980 ιο
228 2931 293 2978 ris
321 2939 366 2978 et
411 2932 504 2980 duo
535 2930 695 2977 Blaesi
731 2931 1001 2979 voluntario
1043 2931 1171 2977 exitu
1208 2929 1457 2991 cecidere,
1496 2926 1646 2977 Galba
1683 2925 1897 2976 tristibus
