2008 3230
665 176 838 213 LIBER
859 176 897 212 1.
931 175 1054 212 CAP.
1079 173 1278 216 10-13.
1790 163 1823 211 9

152 304 450 367 Tiberioque
487 304 627 351 etiam
662 305 707 351 in
745 302 892 351 rebus
929 318 1049 367 quas
1086 317 1180 350 non
1219 303 1496 364 occuleret,
1536 317 1622 350 seu
1659 310 1823 350 natura

154 377 258 422 sive
285 372 625 434 adsuetudine,
664 388 899 437 suspensa
936 388 1130 437 semper
1172 380 1220 421 et
1260 372 1466 421 obscura
1500 371 1674 420 verba:
1713 380 1884 419 tunclo

155 457 274 491 vero
302 443 486 503 nitenti,
516 450 566 490 ut
595 458 766 490 sensus
793 457 907 490 suos
933 445 1126 506 penitus
1164 442 1390 504 abderet,
1432 443 1478 490 in
1512 443 1746 490 incertum
1776 449 1824 489 et

153 512 427 574 ambiguum
452 512 603 574 inagis
629 511 1011 574 implicabantur.
1066 519 1114 560 at
1137 520 1300 576 patres
1317 549 1331 574 ,
1372 512 1545 576 quibus
1576 527 1696 560 unus
1724 526 1821 559 me·

154 589 229 629 tus
252 583 291 629 si
317 581 609 643 intellegere
632 583 928 643 viderentur,
956 582 1003 630 in
1024 589 1222 645 questus
1246 582 1466 629 lacrimas
1489 588 1601 629 vota
1623 581 1824 638 effundi;

153 652 214 700 ad
244 651 384 711 deos,
412 651 471 698 ad
497 651 708 713 effigiem
731 651 956 713 Augusti,
986 651 1044 700 ad
1070 666 1227 714 genua
1247 652 1398 715 ipsius
1416 666 1582 700 manus
1602 651 1822 711 tendere,

154 735 260 769 cum
285 720 496 783 proferri
522 720 736 769 libellum
760 722 1053 785 recitarique
1079 722 1232 770 iussit.
1284 735 1405 785 opes
1444 720 1671 785 publicae
1708 735 1819 768 con·
1840 730 1882 763 15

151 789 440 851 tinebantur,
474 797 696 852 quantum
725 791 896 839 civium
924 793 1265 854 sociorumque
1293 792 1340 838 in
1369 791 1528 853 armiS,
1556 797 1672 854 quot
1701 790 1823 846 clas-

152 874 252 919 ses„
279 873 453 921 regna,
482 861 780 922 provinciae,
807 860 983 908 tributa
1010 868 1088 909 aut
1109 861 1397 923 vectigalia,
1433 868 1480 908 et
1502 860 1825 908 necessitates

153 943 210 976 ac
234 928 533 991 largitiones,
583 944 706 993 quae
729 937 899 978 cuncta
927 945 1012 978 sua
1039 945 1177 979 manu
1200 931 1561 994 perscripserat
1581 930 1825 992 Augustus

154 998 501 1062 addideratque
530 1000 779 1047 consilium
810 1000 1069 1048 coercendi
1097 1001 1216 1048 intra
1240 1000 1469 1048 terminos
1505 1000 1719 1063 imperii,
1757 1001 1823 1047 in-

154 1075 337 1116 certum
362 1075 490 1116 metu
516 1082 575 1116 an
602 1083 691 1132 per
714 1070 952 1117 invidiam.
1840 1071 1883 1103 2⁰

263 1137 342 1185 12.
384 1137 514 1185 Inter
541 1152 664 1201 quae
703 1146 870 1187 senatu
903 1140 961 1188 ad
996 1140 1179 1187 infimas
1214 1139 1566 1187 obtestationes
1604 1153 1823 1202 procum-

154 1206 320 1267 bente,
350 1207 467 1254 dixit
493 1207 621 1255 forte
648 1208 871 1256 Tiberius
900 1224 954 1257 se
981 1217 1031 1256 ut
1059 1224 1154 1257 non
1179 1210 1266 1257 toti
1292 1210 1363 1257 rei
1391 1208 1616 1272 publicae
1638 1224 1823 1271 parem,

155 1277 219 1324 ita
247 1291 579 1340 quaecumque
608 1292 720 1340 pars
747 1277 838 1325 sibi
864 1279 1192 1340 mandaretur,
1220 1280 1322 1326 eius
1355 1279 1552 1327 tutelam
1574 1287 1824 1341 susceptu-

151 1361 271 1393 rum.
323 1353 419 1393 tum
446 1345 639 1394 Asinius
668 1345 830 1395 Gallus
858 1349 1164 1411 ‘interrogo'
1196 1349 1372 1412 inquit,
1396 1346 1648 1410 >‘Caesar,
1686 1363 1823 1411 quam

153 1422 342 1478 partem
366 1416 440 1462 rei
464 1416 688 1479 publicae
714 1417 924 1465 mandari
951 1417 1033 1466 tibi
1059 1419 1183 1466 velis
1198 1421 1232 1468 ⁹.
1287 1418 1542 1481 perculsus
1577 1418 1821 1480 inprovisa
1838 1435 1860 1467 ⁵

152 1485 536 1547 interrogatione
562 1485 753 1549 paulum
780 1488 1000 1535 reticuit:
1043 1488 1152 1536 dein
1190 1487 1401 1536 collecto
1441 1487 1594 1535 animo
1621 1501 1823 1548 respon-

153 1553 220 1602 dit
241 1568 544 1618 nequaquam
575 1555 804 1604 decorum
829 1557 1001 1620 pudori
1026 1571 1115 1605 suo
1144 1557 1314 1619 legere
1341 1557 1519 1621 aliquid
1543 1563 1620 1604 aut
1643 1557 1831 1603 evitare·

154 1638 217 1672 ex
242 1638 322 1685 eo,
358 1625 434 1671 cui
462 1626 508 1672 in
531 1626 806 1673 universum
834 1628 1057 1674 excusari
1077 1627 1255 1674 mallet.
1300 1641 1487 1674 rursum
1510 1624 1673 1674 Gallus
1695 1626 1823 1689 (ete-

152 1694 248 1741 nim
272 1693 404 1741 vultu
437 1694 753 1743 offensionem
782 1697 1164 1759 coniectaverat)
1198 1710 1292 1743 non
1332 1696 1515 1743 idcirco
1556 1696 1822 1756 interroga·

153 1770 249 1810 tum
276 1763 357 1824 ait,
385 1770 435 1811 ut
461 1764 697 1812 divideret
725 1780 847 1828 quae
876 1767 1090 1827 separari
1117 1767 1388 1829 nequirent,
1420 1765 1507 1812 sed
1530 1772 1577 1813 et
1600 1780 1683 1812 sua
1709 1779 1819 1812 con·
1842 1780 1883 1812 10

152 1832 370 1880 sessione
398 1841 708 1895 argueretur,
746 1850 887 1883 unum
928 1850 1039 1883 esse
1075 1836 1149 1882 rei
1190 1835 1415 1898 publicae
1451 1848 1630 1898 corpus
1677 1842 1822 1898 atque

153 1902 294 1948 unius
318 1902 471 1949 animo
497 1904 778 1965 regendum.
829 1904 1007 1952 addidit
1026 1904 1215 1952 laudem
1238 1905 1297 1952 de
1319 1904 1539 1966 Augusto
1560 1902 1823 1951 Tiberium·

156 1986 249 2034 que
290 1971 444 2035 ipsum
466 1972 772 2020 victoriarum
800 1988 989 2021 suarum
1015 1988 1234 2036 quaeque
1263 1975 1309 2020 in
1333 1981 1447 2035 toga
1471 1988 1560 2037 per
1578 1981 1650 2021 tot
1674 1986 1823 2020 annos

157 2041 358 2103 egregie
386 2040 590 2089 fecisset
615 2042 873 2092 admonuit.
921 2058 1014 2090 nec
1039 2043 1150 2091 ideo
1173 2044 1287 2090 iram
1309 2044 1412 2090 eius
1433 2042 1616 2103 lenivit,
1639 2042 1824 2105 pridem

154 2111 364 2171 invisus,
400 2118 637 2173 tamquam
663 2111 801 2159 ducta
841 2113 888 2159 in
915 2113 1256 2160 matrimonium
1286 2112 1516 2175 Vipsania
1549 2111 1885 2174 MsAgrip-1s

156 2194 249 2243 pac
285 2180 395 2240 filia,
425 2194 548 2243 quae
577 2182 812 2244 quondam
838 2180 1018 2229 Tiberii
1043 2197 1165 2229 uxor
1190 2182 1373 2241 fuerat,
1407 2181 1515 2243 plus
1545 2195 1683 2243 quam
1709 2181 1822 2228 civi-

156 2249 219 2297 lia
244 2250 449 2311 agitaret
475 2249 803 2313 Pollionisque
829 2250 981 2298 Asinii
1010 2252 1157 2314 patris
1185 2251 1415 2298 ferociam
1441 2251 1690 2298 retineret.

266 2318 343 2366 13.
384 2319 499 2366 Post
541 2335 663 2383 quae
701 2321 752 2368 L.
781 2320 1035 2368 Arruntius
1076 2320 1198 2369 haud
1234 2320 1427 2367 multum
1470 2320 1753 2382 discrepans
1796 2334 1821 2367 a

158 2387 279 2437 Galli
307 2390 526 2436 oratione
552 2390 753 2452 perinde
785 2389 1011 2450 offendit,
1042 2404 1326 2453 quamquam
1353 2388 1549 2437 Tiberio
1575 2389 1706 2436 nulla
1738 2404 1820 2435 ve-

158 2464 232 2505 tus
256 2458 303 2504 in
327 2457 598 2505 Arruntium
627 2459 722 2506 ira:
752 2459 838 2507 sed
867 2460 1086 2523 divitem,
1129 2466 1427 2522 promptum,
1464 2458 1644 2506 artibus
1680 2472 1819 2519 egre-

157 2526 250 2588 giis
277 2534 324 2574 et
350 2529 454 2589 pari
479 2527 602 2575 fama
630 2527 840 2591 publice,
873 2528 1199 2591 suspectabat.
1248 2529 1427 2590 quippe
1461 2527 1708 2589 Augustus
1744 2541 1819 2573 su·

161 2596 339 2658 premis
367 2596 664 2644 sermonibus
694 2612 795 2644 cum
827 2604 1082 2659 tractaret,
1113 2599 1298 2660 quinam
1326 2597 1526 2659 adipisci
1554 2596 1818 2658 principem
1838 2605 1864 2637 ⁵

159 2664 318 2713 locum
346 2666 591 2714 suffecturi
618 2666 986 2713 abnuerentaut
1010 2667 1201 2729 inpares
1230 2665 1413 2712 vellent
1450 2665 1529 2712 vel
1556 2665 1681 2712 idem
1709 2679 1820 2727 pos-

160 2741 267 2782 sent
293 2743 647 2799 cuperentque,
685 2734 762 2782 M'.
794 2734 1023 2797 Lepidum
1050 2736 1233 2783 dixerat
1271 2749 1498 2796 capacem
1534 2733 1621 2781 sed
1657 2748 1820 2797 asper-

160 2811 378 2863 nantem,
407 2804 590 2853 Gallum
620 2806 830 2852 Asinium
861 2804 1045 2851 avidum
1089 2812 1135 2851 et
1168 2804 1426 2862 minorem,
1469 2803 1519 2850 L.
1548 2802 1820 2850 Arruntium

161 2887 256 2921 non
286 2875 525 2935 indignum
555 2882 628 2935 et,
680 2875 718 2920 si
759 2887 898 2921 casus
934 2872 1152 2932 daretur,
1197 2887 1431 2919 ausurum.
1482 2871 1543 2920 de
1582 2873 1827 2935 prioribus

1910 847 1929 890 ἵ)
