1976 3224
635 204 810 242 LIBER
846 203 924 240 IV.
967 202 1090 240 CAP.
1120 201 1283 243 5—9.
1701 189 1795 236 117

125 337 252 386 ultor
279 333 577 384 metuebatur
610 347 706 380 non
739 331 956 380 occultus
995 330 1119 392 odii,
1157 337 1231 377 set
1270 328 1446 377 crebro
1485 343 1694 392 querens
1731 330 1796 375 in·
1818 341 1839 373 5

127 406 300 457 columi
337 405 436 454 filio
466 404 730 452 adiutorem
753 402 939 465 imperii
968 400 1109 448 alium
1136 399 1317 447 vocari.
1376 406 1423 447 et
1462 406 1684 462 quantum
1721 413 1796 446 su-

128 490 332 541 peresse
358 482 408 523 ut
434 473 630 536 collega
656 469 875 520 dicatur?
907 471 1082 534 primas
1109 468 1381 517 dominandi
1409 483 1525 533 spes
1551 470 1598 516 in
1623 468 1796 518 arduo:

126 545 205 594 ubi
234 546 300 594 sis
326 546 606 607 ingressus,
647 542 821 590 adesse
847 540 999 589 studia
1039 548 1086 588 et
1119 541 1380 588 ministros.
1438 546 1683 587 exstructa
1708 540 1799 588 iam

129 622 302 680 sponte
344 613 581 679 praefecti
622 619 806 673 castra,
842 610 980 659 datos
1014 612 1061 658 in
1083 624 1269 659 manum
1292 610 1492 665 milites;
1534 610 1666 657 cerni
1696 609 1797 658 effi-

126 687 254 748 giem
293 683 396 732 eius
436 684 484 731 in
524 683 827 731 monimentis
869 679 954 728 Cn.
989 680 1215 744 Pompei;
1265 694 1539 729 communes
1579 678 1649 727 illi
1691 692 1857 728 cum1o

125 753 301 802 familia
346 752 612 802 Drusorum
652 751 761 800 fore
798 745 1030 815 nepotes:
1069 749 1362 815 precandam
1397 748 1661 813 posthaec
1695 764 1796 798 mo-

125 823 351 886 destiam,
382 830 430 870 ut
458 828 712 871 contentus
743 828 890 868 esset.
943 835 1101 884 neque
1128 834 1240 869 raro
1269 835 1427 883 neque
1457 819 1582 883 apud
1616 834 1798 883 paucos

123 893 236 941 talia
260 891 496 954 iaciebat,
539 899 586 939 et
612 897 804 939 secreta
830 905 1023 954 quoque
1052 890 1155 938 eius
1185 897 1412 953 corrupta
1438 905 1591 937 uxore
1623 889 1798 954 prode-

123 961 308 1010 bantur.

229 1032 276 1083 8.
308 1031 460 1094 Igitur
488 1031 690 1079 Seianus
716 1028 1044 1078 maturandum
1067 1037 1197 1078 ratus
1226 1029 1397 1092 deligit
1419 1043 1672 1092 venenum,
1702 1044 1797 1095 quo

124 1101 349 1167 paulatim
375 1102 629 1164 inrepente
656 1100 881 1148 fortuitus
907 1099 1103 1147 morbus
1129 1099 1510 1148 adsimularetur.
1558 1097 1612 1147 Id
1637 1098 1797 1148 Druso

123 1171 280 1220 datum
306 1186 395 1236 per
419 1169 635 1233 Lygdum
661 1169 953 1234 spadonem,
993 1176 1041 1217 ut
1080 1177 1191 1217 octo
1231 1176 1343 1234 post
1373 1183 1525 1218 annos
1554 1171 1799 1233 cognitum

125 1248 212 1289 est.
266 1248 480 1292 ceterum
507 1239 730 1288 Tiberius
757 1254 847 1304 per
872 1254 1039 1287 omnes
1065 1239 1351 1288 valetudinis
1380 1240 1482 1287 eius
1504 1239 1632 1301 dies,
1664 1239 1796 1288 nullo

123 1318 250 1360 metu
277 1325 336 1358 an
363 1317 412 1358 ut
440 1309 768 1358 firmitudinem
791 1310 927 1358 animi
949 1316 1231 1372 ostentaret,
1263 1311 1405 1358 etiam
1426 1309 1654 1359 defuncto
1679 1325 1791 1359 nec·
1810 1323 1831 1355 5

124 1380 231 1428 dum
258 1379 466 1443 sepulte,
494 1381 672 1428 curiam
700 1380 949 1442 ingressus
970 1387 1060 1427 est.
1121 1379 1445 1444 consulesque
1468 1379 1585 1428 sede
1605 1380 1796 1442 vulgari

125 1465 213 1513 per
250 1449 466 1513 speciem
507 1450 774 1498 maestitiae
811 1449 1038 1497 sedentes
1075 1448 1274 1497 honoris
1313 1449 1507 1513 locique
1534 1449 1794 1512 admonuit,

125 1527 172 1567 et
214 1519 412 1567 effusum
451 1520 498 1567 in
532 1519 755 1569 lacrimas
792 1526 1006 1568 senatum
1041 1520 1171 1568 victo
1199 1520 1380 1582 gemitu
1409 1519 1546 1567 simul
1578 1520 1799 1569 oratione

125 1589 348 1637 continua
377 1591 557 1638 erexit:
588 1603 683 1637 non
710 1588 898 1653 quidem
927 1588 1017 1636 sibi
1045 1590 1261 1651 ignarum
1290 1604 1439 1653 posse
1469 1590 1639 1652 argui,
1669 1588 1799 1653 quod

123 1666 216 1706 tam
241 1659 425 1708 recenti
451 1658 624 1708 dolore
648 1657 848 1707 subierit
880 1658 1050 1706 oculos
1071 1666 1288 1708 senatus:
1317 1659 1398 1707 vix
1419 1661 1799 1724 propinquorum
1816 1667 1855 1699 10

123 1726 344 1791 adloquia
371 1728 588 1790 tolerari,
616 1730 698 1777 vix
725 1728 849 1776 diem
875 1729 1028 1792 aspici
1057 1744 1083 1777 a
1110 1728 1361 1793 plerisque
1387 1729 1664 1792 lugentium.
1715 1745 1797 1777 ne-

125 1811 218 1860 que
249 1796 362 1846 illos
396 1797 725 1847 inbecillitatis
757 1798 1077 1847 damnandos:
1106 1814 1160 1846 se
1192 1806 1349 1847 tamen
1381 1799 1587 1848 fortiora
1615 1799 1798 1849 solacia

125 1881 150 1914 e
189 1867 446 1929 complexu
484 1868 555 1915 rei
594 1867 818 1931 publicae
857 1869 1107 1931 petivisse.
1158 1870 1509 1934 miseratusque
1545 1870 1799 1932 Augustae

125 1942 385 1983 extremam
408 1944 667 1999 senectam,
686 1936 851 1985 rudem
872 1936 1026 1986 adhuc
1046 1945 1274 2001 nepotum
1296 1946 1343 1987 et
1362 1947 1645 2002 vergentem
1670 1947 1798 1988 aeta-

123 2013 218 2052 tem
249 2019 407 2067 suam,
446 2012 498 2054 ut
524 2005 793 2055 Germanici
827 2005 992 2068 liberi,
1032 2007 1172 2055 unica
1208 2010 1532 2071 praesentium
1566 2009 1797 2057 malorum
1815 2017 1856 2049 1⁵

125 2074 422 2137 levamenta,
460 2075 800 2124 inducerentur
839 2077 1024 2140 petivit.
1080 2079 1271 2139 egressi
1311 2078 1538 2135 consules
1582 2080 1797 2127 firmatos

124 2142 347 2208 adloquio
368 2144 759 2194 adulescentulos
786 2145 1118 2210 deductosque
1145 2154 1255 2195 ante
1285 2146 1545 2197 Caesarem
1572 2156 1795 2197 statuunt.

123 2212 294 2277 quibus
323 2214 576 2278 adprensis
603 2215 788 2280 ‘patres
818 2217 1098 2280 conscripti,
1127 2215 1237 2265 hos'
1278 2219 1429 2281 inquit
1465 2218 1684 2267 ‘orbatos
1713 2233 1794 2282 pa-

122 2290 259 2331 rente
297 2283 468 2334 tradidi
500 2292 670 2350 patruo
706 2286 922 2350 ipsorum
960 2293 1288 2350 precatusque
1335 2303 1459 2350 sum,
1512 2303 1796 2352 quamquam

123 2359 254 2400 esset
287 2353 357 2402 illi
394 2356 594 2419 propria
630 2355 855 2418 suboleS‚
895 2371 955 2403 ne
1000 2372 1141 2405 secus
1170 2372 1306 2421 quam
1345 2373 1479 2406 suum
1514 2361 1796 2422 sanguinem
1811 2371 1854 2404 20

122 2421 338 2486 foveret,
375 2424 647 2486 attolleret,
694 2425 881 2490 sibique
916 2434 962 2473 et
991 2427 1202 2491 posteris
1228 2428 1566 2476 conformaret.
1622 2436 1794 2492 erepto

124 2490 280 2539 Druso
299 2507 475 2555 preces
493 2493 551 2542 ad
571 2509 661 2542 vos
681 2503 914 2544 converto
937 2496 1105 2560 disque
1127 2504 1175 2544 et
1196 2500 1348 2560 patria
1372 2512 1530 2546 coram
1549 2497 1793 2546 obtestor:

127 2559 328 2622 Augusti
355 2570 675 2626 pronepotes,
706 2564 987 2613 clarissimis
1010 2566 1272 2615 maioribus
1299 2569 1509 2630 genitOS,
1543 2567 1793 2631 suscipite,

123 2631 304 2692 regite,
343 2639 552 2680 vestram
579 2647 831 2696 meamque
856 2634 1011 2682 vicem
1041 2635 1253 2699 explete.
1301 2636 1347 2683 hi
1381 2635 1548 2696 vobiS,
1586 2635 1718 2684 Nero
1747 2644 1795 2685 et

120 2695 287 2761 Druse,
321 2709 566 2763 parentum
593 2702 724 2750 loco.
780 2703 844 2751 ita
868 2704 964 2751 nati
991 2704 1121 2766 estis,
1153 2712 1202 2751 ut
1232 2703 1354 2752 bona
1386 2705 1605 2769 malaque
1627 2713 1790 2755 vestra
1808 2722 1850 2755 25

120 2764 176 2812 ad
203 2782 300 2815 rem
333 2769 571 2829 publicam
598 2773 907 2835 pertineant?
1514 2772 1519 2777 ’

219 2835 268 2884 9.
306 2838 482 2901 Magno
525 2855 580 2889 ea
619 2840 733 2889 fletu
769 2849 818 2889 et
853 2856 966 2891 mox
1002 2842 1363 2907 precationibus
1402 2844 1570 2892 faustis
1607 2845 1788 2901 audita:

41 2927 63 2950 ο
120 2915 178 2949 ac
215 2904 254 2951 si
287 2907 473 2956 modum
501 2911 708 2958 orationi
749 2911 1020 2975 posuisset,
1060 2913 1389 2962 misericordia
1428 2915 1498 2962 sui
1535 2913 1790 2979 gloriaque
