1976 3224
231 153 330 204 158
647 166 921 204 CORNELII
961 168 1154 205 'rAcrrl
1180 169 1488 209 ANNALIUM

230 310 514 359 quemquam
540 295 766 358 exemplo
793 294 1018 344 adsumo:
1055 304 1282 358 cunctOS‚
1322 298 1400 360 qui
1439 301 1684 349 novissimi
1717 305 1908 354 consilii

232 372 464 429 expertes
491 364 691 426 fuimuS,
734 378 844 412 meo
874 366 1009 412 unius
1038 365 1310 413 discrimine
1339 366 1608 417 defendam.
1659 386 1754 420 non
1783 376 1908 423 enim

231 435 456 483 Seianum
482 434 858 496 Vulsiniensem,
887 442 962 482 set
991 433 1221 483 Claudiae
1250 443 1296 483 et
1324 435 1477 485 Iuliae
1507 437 1675 488 domus
1703 450 1906 508 partem,

173 522 213 554 15
232 519 350 568 quas
376 504 620 552 adfinitate
647 512 992 568 occupaverat,
1020 511 1165 567 tuum,
1198 503 1397 568 Caesar,
1410 521 1673 572 generum,
1699 511 1766 559 tui
1795 527 1906 562 con·

231 574 411 624 sulatus
439 575 639 636 socium,
667 582 745 622 tua
776 573 939 622 officia
966 574 1012 621 in
1041 589 1095 622 re
1122 574 1319 639 publica
1345 585 1682 640 capessentem
1711 581 1906 631 coleba—

229 659 350 692 mus.
401 648 608 692 nonest
644 650 858 692 nostrum
887 645 1139 700 aestimare
1168 659 1307 708 quem
1336 659 1483 709 supra
1507 654 1702 698 ceteros
1730 658 1778 698 et
1806 652 1906 716 qui·

229 713 319 762 bus
353 712 414 761 de
452 714 609 761 causis
641 712 876 762 extollas:
913 713 997 761 tibi
1032 729 1260 761 summum
1299 729 1459 762 rerum
1494 716 1715 766 iudicium
1751 719 1797 768 di
1825 721 1905 770 de—

170 835 173 837 ,
230 783 365 846 dere,
388 781 529 831 nobis
555 782 777 847 obsequii
804 782 962 846 gloria
983 783 1155 832 relicta
1176 790 1265 831 est.
1311 791 1587 848 spectamus
1610 802 1758 851 porro
1783 805 1906 854 quae

171 870 213 902 20
233 867 396 902 coram
420 851 672 914 habentur,
702 853 775 900 cui
799 868 862 900 ex
881 859 929 901 te
951 866 1073 917 opes
1094 852 1324 915 honoreS,
1356 855 1462 917 quis
1489 855 1690 918 plurima
1716 859 1906 909 iuvandi

229 921 503 971 nocendive
533 923 763 985 potentia,
794 936 917 985 quae
949 923 1125 970 Seiano
1153 923 1303 970 fuisse
1330 938 1471 972 nemo
1501 929 1774 989 negaverit.
1825 929 1904 978 ab·

231 993 356 1041 ditos
378 992 613 1057 principis
634 1006 820 1054 sensuS,
849 998 897 1040 et
918 992 958 1039 si
979 991 1090 1056 quid
1117 991 1354 1040 occultius
1375 1001 1529 1057 parat,
1559 999 1818 1060 exquirere
1838 1000 1903 1046 in-

229 1062 438 1124 licitum,
466 1076 673 1125 anceps:
703 1076 795 1109 nec
820 1061 930 1109 ideo
959 1061 1246 1124 adsequare.
1294 1076 1381 1125 ne,
1416 1071 1583 1127 patres
1621 1068 1906 1133 conscripti,

229 1131 440 1180 ultimum
466 1131 625 1180 Seiani
651 1130 800 1194 diem,
834 1130 920 1179 sed
947 1130 1160 1179 sedecim
1196 1146 1347 1179 annos
1372 1134 1719 1196 cogitaveritis.
1767 1138 1908 1186 etiam

171 1219 213 1251 25
232 1201 437 1250 Satrium
476 1207 620 1265 atque
656 1199 971 1265 Pomponium
1006 1201 1378 1258 venerabamur;
1418 1202 1605 1251 libertis
1632 1219 1826 1270 quoque
1851 1221 1907 1255 ac

230 1270 513 1320 ianitoribus
551 1273 654 1318 eius
691 1278 954 1319 notescere
994 1284 1082 1334 pro
1109 1272 1367 1334 magnifico
1395 1272 1741 1336 accipiebatur.
1796 1274 1909 1339 quid

231 1339 390 1404 ergo?
425 1339 696 1391 indistincta
730 1341 853 1389 haec
891 1340 1112 1388 defensio
1146 1347 1193 1388 et
1221 1342 1464 1405 promisca
1494 1341 1718 1393 dabitur?
1764 1346 1907 1395 immo

229 1412 365 1459 iustis
390 1411 606 1459 terminis
631 1409 878 1459 dividatur.
930 1410 1129 1458 insidiae
1167 1411 1214 1457 in
1249 1425 1360 1458 rem>
1390 1412 1658 1478 publicam,
1706 1415 1908 1464 consilia

233 1480 396 1530 caedis
436 1479 689 1529 adversum
724 1481 1064 1544 imperatorem
1104 1481 1378 1544 puniantur:
1423 1481 1483 1530 de
1508 1483 1716 1533 amicitia
1751 1493 1799 1534 et
1837 1486 1902 1534 of-

173 1551 353 1602 eoliciis
380 1549 505 1598 idem
534 1550 640 1598 finis
668 1557 714 1598 et
741 1557 805 1613 te,
835 1548 1034 1613 Caesar,
1066 1557 1112 1597 et
1144 1563 1234 1597 nos
1263 1549 1567 1599 absolverit.’

172 1629 201 1674 9
338 1622 416 1670 15.
450 1618 730 1668 Constantia
759 1621 1011 1682 orationis,
1042 1626 1087 1667 et
1110 1620 1219 1683 quia
1239 1627 1462 1683 repertus
1485 1628 1589 1670 erat
1610 1622 1690 1685 qui
1713 1623 1909 1672 efferret

232 1705 355 1754 quae
373 1705 540 1738 omnes
560 1690 713 1737 animo
732 1689 992 1752 agitabant,
1021 1703 1080 1737 eo
1114 1704 1265 1752 usque
1285 1696 1508 1753 potuere,
1525 1698 1575 1738 ut
1594 1699 1908 1741 accusatores

233 1761 350 1822 eius,
366 1758 536 1807 additis
558 1773 679 1823 quae
696 1765 804 1806 ante
818 1758 1135 1823 deliquerant,
1155 1759 1300 1807 exilio
1314 1766 1558 1808 autmorte
1578 1760 1905 1810 multarentur.

337 1830 545 1878 Secutae
583 1827 756 1877 dehinc
785 1828 964 1877 Tiberii
1002 1828 1171 1877 literae
1210 1829 1257 1876 in
1291 1828 1406 1876 Sex.
1435 1830 1676 1878 Vistilium
1715 1839 1906 1896 praeto-

191 1919 212 1950 5
231 1900 369 1962 rium,
394 1913 534 1963 quem
551 1897 711 1947 Druso
733 1899 868 1947 fratri
890 1913 1141 1963 percarum
1162 1898 1208 1946 in
1230 1896 1479 1947 cohortem
1500 1915 1632 1948 suam
1654 1901 1905 1950 transtule-

230 1976 319 2017 rat.
372 1983 517 2017 causa
551 1968 837 2026 offensionis
874 1968 1067 2018 Vistilio
1104 1967 1218 2030 fuit,
1272 1983 1358 2016 seu
1395 1977 1739 2033 composuerat
1764 1985 1905 2035 quae-

231 2038 337 2087 dam
362 2040 408 2086 in
436 2038 598 2088 Gaium
628 2036 889 2087 Caesarem
917 2046 966 2086 ut
991 2038 1298 2102 impudicum,
1323 2039 1431 2086 sive
1451 2038 1564 2086 licto
1585 2039 1747 2088 habita
1769 2040 1904 2088 fides.

231 2116 373 2172 atque
416 2108 478 2157 ob
520 2107 566 2156 id
605 2109 828 2157 convictu
866 2108 1099 2172 principis
1145 2106 1412 2171 prohibitus
1448 2123 1553 2155 cum
1594 2108 1734 2156 senili
1765 2123 1906 2157 manu

230 2179 410 2227 ferrum
443 2179 804 2242 temptavisset,
839 2177 1025 2241 obligat
1062 2192 1236 2233 venas;
1285 2184 1612 2241 precatusque
1654 2192 1742 2242 per
1777 2177 1905 2226 codi-

175 2263 215 2295 10
235 2247 403 2309 cillos,
431 2248 593 2295 immiti
620 2249 863 2311 rescripto
888 2263 1039 2296 venas
1067 2247 1287 2296 resolvit.
1344 2249 1605 2295 acervatim
1631 2262 1692 2295 ex
1719 2261 1779 2296 eo
1807 2247 1904 2296 An-

231 2318 337 2365 nius
362 2316 536 2379 Pollio,
563 2316 753 2381 Appius
780 2317 971 2365 Silanus
1002 2317 1187 2364 Scauro
1214 2316 1459 2364 Mamerco
1484 2316 1623 2364 simul
1645 2331 1702 2364 ac
1725 2316 1904 2365 Sabino

234 2385 448 2436 Calvisio
483 2387 744 2435 maiestatis
781 2386 1107 2450 postulantur,
1146 2392 1194 2433 et
1230 2385 1509 2433 Vinicianus
1537 2385 1746 2435 Pollioni
1783 2387 1905 2450 patri

233 2455 542 2519 adiciebatur,
573 2456 689 2504 clari
714 2470 869 2518 genus
898 2462 944 2503 et
971 2455 1156 2519 quidam
1179 2455 1370 2502 summis
1391 2453 1674 2503 honoribus.
1715 2462 1903 2503 contre-

232 2533 546 2590 muerantque
571 2534 735 2591 patres
767 2525 899 2590 (nam
926 2532 1098 2589 quotus
1127 2525 1329 2588 quisque
1359 2523 1614 2572 adfinitatis
1640 2531 1719 2572 aut
1745 2525 1903 2573 amici-

176 2616 216 2649 15
234 2598 329 2647 tiae
357 2604 427 2646 tot
452 2596 718 2645 inlustrium
745 2597 957 2645 virorum
989 2609 1168 2660 expers
1194 2590 1382 2656 erat?),
1416 2595 1462 2641 ni
1492 2591 1665 2642 Celsus
1691 2593 1903 2642 urbanae

237 2666 451 2716 cohortis
491 2666 734 2730 tribunuS,
772 2673 869 2715 tum
904 2666 1029 2713 inter
1070 2663 1279 2725 indiceS,
1322 2663 1533 2727 Appium
1572 2670 1619 2710 et
1645 2660 1903 2711 Calvisium

236 2737 494 2785 discrimini
515 2738 792 2786 exemisset.
843 2734 1024 2784 Caesar
1044 2733 1277 2783 Pollionis
1299 2748 1356 2780 ac
1378 2732 1615 2780 Viniciani
1636 2731 1903 2795 Scaurique

238 2822 454 2868 causam,
483 2814 533 2855 ut
568 2808 674 2872 ipse
714 2821 819 2855 cum
853 2812 1021 2854 senatu
1046 2809 1302 2863 nosceret,
1337 2799 1530 2862 distulit,
1560 2800 1681 2848 datis
1713 2800 1901 2865 quihus-

237 2876 342 2925 dam
368 2878 411 2924 in
444 2877 671 2925 Scaurum
698 2875 909 2925 tristibus
942 2874 1084 2921 notis.
