<?xml version="1.0" encoding="UTF-8"?>
<!DOCTYPE html PUBLIC "-//W3C//DTD XHTML 1.0 Transitional//EN"
    "http://www.w3.org/TR/xhtml1/DTD/xhtml1-transitional.dtd">
<html xmlns="http://www.w3.org/1999/xhtml" xml:lang="en" lang="en">
 <head>
  <title>
</title>
<meta http-equiv="Content-Type" content="text/html;charset=utf-8" />
  <meta name='ocr-system' content='tesseract 3.04.00' />
  <meta name='ocr-capabilities' content='ocr_page ocr_carea ocr_par ocr_line ocrx_word'/>
</head>
<body>
  <div class='ocr_page' id='page_1' title='image "./libriquisupersun01taciuoft_0354.png"; bbox 0 0 1976 3224; ppageno 0'>
   <div class='ocr_carea' id='block_1_1' title="bbox 196 179 1449 231">
    <p class='ocr_par' dir='ltr' id='par_1_1' title="bbox 196 179 1449 231">
     <span class='ocr_line' id='line_1_1' title="bbox 196 179 1449 231; baseline 0 -1"><span class='ocrx_word' id='word_1_1' title='bbox 196 179 301 231; x_wconf 87' lang='lat'>296</span> <span class='ocrx_word' id='word_1_2' title='bbox 626 191 901 230; x_wconf 75' lang='lat' dir='ltr'>CORNELn</span> <span class='ocrx_word' id='word_1_3' title='bbox 929 191 1122 229; x_wconf 79' lang='lat' dir='ltr'>TACITI</span> <span class='ocrx_word' id='word_1_4' title='bbox 1145 192 1449 230; x_wconf 69' lang='lat' dir='ltr'>ANNALmM</span> 
     </span>
    </p>
   </div>
   <div class='ocr_carea' id='block_1_2' title="bbox 127 319 1894 2946">
    <p class='ocr_par' dir='ltr' id='par_1_2' title="bbox 158 319 1860 800">
     <span class='ocr_line' id='line_1_2' title="bbox 197 319 1860 401; baseline 0.002 -35"><span class='ocrx_word' id='word_1_5' title='bbox 197 320 321 368; x_wconf 88' lang='lat' dir='ltr'>tanis</span> <span class='ocrx_word' id='word_1_6' title='bbox 353 319 598 383; x_wconf 90' lang='lat' dir='ltr'>repperit,</span> <span class='ocrx_word' id='word_1_7' title='bbox 635 334 734 368; x_wconf 89' lang='lat' dir='ltr'>non</span> <span class='ocrx_word' id='word_1_8' title='bbox 771 320 1060 368; x_wconf 86' lang='lat' dir='ltr'>incuriosum</span> <span class='ocrx_word' id='word_1_9' title='bbox 1095 319 1282 368; x_wconf 85' lang='lat' dir='ltr'>fratris:</span> <span class='ocrx_word' id='word_1_10' title='bbox 1332 320 1512 401; x_wconf 82' lang='lat' dir='ltr'>quippe</span> <span class='ocrx_word' id='word_1_11' title='bbox 1558 328 1606 370; x_wconf 90' lang='lat' dir='ltr'>et</span> <span class='ocrx_word' id='word_1_12' title='bbox 1650 322 1860 385; x_wconf 86' lang='lat' dir='ltr'>propriis</span> 
     </span>
     <span class='ocr_line' id='line_1_3' title="bbox 196 387 1858 452; baseline 0.002 -16"><span class='ocrx_word' id='word_1_13' title='bbox 196 390 370 437; x_wconf 90' lang='lat' dir='ltr'>nuntiis</span> <span class='ocrx_word' id='word_1_14' title='bbox 396 404 423 438; x_wconf 92' lang='lat' dir='ltr'>a</span> <span class='ocrx_word' id='word_1_15' title='bbox 446 387 726 438; x_wconf 87' lang='lat' dir='ltr'>Corbulone</span> <span class='ocrx_word' id='word_1_16' title='bbox 752 389 984 452; x_wconf 89' lang='lat' dir='ltr'>petierat,</span> <span class='ocrx_word' id='word_1_17' title='bbox 1025 404 1086 436; x_wconf 93' lang='lat' dir='ltr'>ne</span> <span class='ocrx_word' id='word_1_18' title='bbox 1125 403 1261 451; x_wconf 90' lang='lat' dir='ltr'>quam</span> <span class='ocrx_word' id='word_1_19' title='bbox 1294 389 1547 451; x_wconf 83' lang='lat' dir='ltr'>imaginem</span> <span class='ocrx_word' id='word_1_20' title='bbox 1576 391 1757 438; x_wconf 87' lang='lat' dir='ltr'>servitii</span> <span class='ocrx_word' id='word_1_21' title='bbox 1784 391 1858 439; x_wconf 90' lang='lat' dir='ltr'>Ti-</span> 
     </span>
     <span class='ocr_line' id='line_1_4' title="bbox 196 457 1860 523; baseline 0.001 -17"><span class='ocrx_word' id='word_1_22' title='bbox 196 458 376 506; x_wconf 90' lang='lat' dir='ltr'>ridates</span> <span class='ocrx_word' id='word_1_23' title='bbox 415 458 656 522; x_wconf 82' lang='lat' dir='ltr'>perferret</span> <span class='ocrx_word' id='word_1_24' title='bbox 690 473 783 507; x_wconf 93' lang='lat' dir='ltr'>neu</span> <span class='ocrx_word' id='word_1_25' title='bbox 821 458 1000 506; x_wconf 83' lang='lat' dir='ltr'>ferrum</span> <span class='ocrx_word' id='word_1_26' title='bbox 1026 457 1238 507; x_wconf 89' lang='lat' dir='ltr'>traderet</span> <span class='ocrx_word' id='word_1_27' title='bbox 1265 466 1344 507; x_wconf 89' lang='lat' dir='ltr'>aut</span> <span class='ocrx_word' id='word_1_28' title='bbox 1381 458 1636 522; x_wconf 87' lang='lat' dir='ltr'>complexu</span> <span class='ocrx_word' id='word_1_29' title='bbox 1667 462 1860 523; x_wconf 88' lang='lat' dir='ltr'>provin·</span> 
     </span>
     <span class='ocr_line' id='line_1_5' title="bbox 158 527 1859 592; baseline 0.001 -16"><span class='ocrx_word' id='word_1_30' title='bbox 158 538 178 567; x_wconf 76' lang='lat'><strong>5</strong></span> <span class='ocrx_word' id='word_1_31' title='bbox 198 529 297 576; x_wconf 88' lang='lat' dir='ltr'>cias</span> <span class='ocrx_word' id='word_1_32' title='bbox 333 529 657 592; x_wconf 63' lang='lat' dir='ltr'>optinentium,</span> <span class='ocrx_word' id='word_1_33' title='bbox 682 535 932 577; x_wconf 83' lang='lat' dir='ltr'>arceretur</span> <span class='ocrx_word' id='word_1_34' title='bbox 961 527 1211 576; x_wconf 84' lang='lat' dir='ltr'>foribusve</span> <span class='ocrx_word' id='word_1_35' title='bbox 1244 541 1409 576; x_wconf 90' lang='lat' dir='ltr'>eorum</span> <span class='ocrx_word' id='word_1_36' title='bbox 1436 528 1717 591; x_wconf 78' lang='lat' dir='ltr'>adsisteret,</span> <span class='ocrx_word' id='word_1_37' title='bbox 1761 537 1859 578; x_wconf 90' lang='lat' dir='ltr'>tan-</span> 
     </span>
     <span class='ocr_line' id='line_1_6' title="bbox 193 596 1860 662; baseline 0.001 -16"><span class='ocrx_word' id='word_1_38' title='bbox 193 606 367 662; x_wconf 88' lang='lat' dir='ltr'>tusque</span> <span class='ocrx_word' id='word_1_39' title='bbox 409 599 452 645; x_wconf 88' lang='lat' dir='ltr'>ei</span> <span class='ocrx_word' id='word_1_40' title='bbox 486 598 671 647; x_wconf 86' lang='lat' dir='ltr'>Romae</span> <span class='ocrx_word' id='word_1_41' title='bbox 713 604 916 662; x_wconf 89' lang='lat' dir='ltr'>quantus</span> <span class='ocrx_word' id='word_1_42' title='bbox 955 596 1232 646; x_wconf 90' lang='lat' dir='ltr'>consulibus</span> <span class='ocrx_word' id='word_1_43' title='bbox 1271 596 1427 646; x_wconf 92' lang='lat' dir='ltr'>honor</span> <span class='ocrx_word' id='word_1_44' title='bbox 1466 605 1613 647; x_wconf 82' lang='lat' dir='ltr'>esset.</span> <span class='ocrx_word' id='word_1_45' title='bbox 1673 598 1860 647; x_wconf 87' lang='lat' dir='ltr'>scilicet</span> 
     </span>
     <span class='ocr_line' id='line_1_7' title="bbox 196 667 1859 733; baseline 0.001 -18"><span class='ocrx_word' id='word_1_46' title='bbox 196 674 426 715; x_wconf 84' lang='lat' dir='ltr'>externae</span> <span class='ocrx_word' id='word_1_47' title='bbox 454 667 711 732; x_wconf 86' lang='lat' dir='ltr'>superbiae</span> <span class='ocrx_word' id='word_1_48' title='bbox 738 673 875 716; x_wconf 90' lang='lat' dir='ltr'>sueto</span> <span class='ocrx_word' id='word_1_49' title='bbox 900 682 997 716; x_wconf 93' lang='lat' dir='ltr'>non</span> <span class='ocrx_word' id='word_1_50' title='bbox 1022 667 1175 715; x_wconf 89' lang='lat' dir='ltr'>inerat</span> <span class='ocrx_word' id='word_1_51' title='bbox 1203 667 1370 717; x_wconf 87' lang='lat' dir='ltr'>notitia</span> <span class='ocrx_word' id='word_1_52' title='bbox 1395 668 1564 729; x_wconf 85' lang='lat' dir='ltr'>nostri,</span> <span class='ocrx_word' id='word_1_53' title='bbox 1590 667 1717 732; x_wconf 89' lang='lat' dir='ltr'>apud</span> <span class='ocrx_word' id='word_1_54' title='bbox 1736 683 1859 733; x_wconf 82' lang='lat' dir='ltr'>quos</span> 
     </span>
     <span class='ocr_line' id='line_1_8' title="bbox 193 737 1198 800; baseline 0 -16"><span class='ocrx_word' id='word_1_55' title='bbox 193 738 267 784; x_wconf 90' lang='lat' dir='ltr'>vis</span> <span class='ocrx_word' id='word_1_56' title='bbox 292 737 482 800; x_wconf 88' lang='lat' dir='ltr'>imperii</span> <span class='ocrx_word' id='word_1_57' title='bbox 506 737 654 800; x_wconf 84' lang='lat' dir='ltr'>valet,</span> <span class='ocrx_word' id='word_1_58' title='bbox 681 738 837 786; x_wconf 83' lang='lat' dir='ltr'>inania</span> <span class='ocrx_word' id='word_1_59' title='bbox 864 737 1198 785; x_wconf 88' lang='lat' dir='ltr'>tramittuntur.</span> 
     </span>
    </p>

    <p class='ocr_par' dir='ltr' id='par_1_3' title="bbox 191 805 1860 1079">
     <span class='ocr_line' id='line_1_9' title="bbox 297 805 1859 870; baseline -0.001 -13"><span class='ocrx_word' id='word_1_60' title='bbox 297 806 382 857; x_wconf 84' lang='lat'>32.</span> <span class='ocrx_word' id='word_1_61' title='bbox 415 805 604 855; x_wconf 90' lang='lat' dir='ltr'>Eodem</span> <span class='ocrx_word' id='word_1_62' title='bbox 632 822 756 856; x_wconf 92' lang='lat' dir='ltr'>anno</span> <span class='ocrx_word' id='word_1_63' title='bbox 785 806 966 857; x_wconf 89' lang='lat' dir='ltr'>Caesar</span> <span class='ocrx_word' id='word_1_64' title='bbox 992 806 1210 854; x_wconf 88' lang='lat' dir='ltr'>nationes</span> <span class='ocrx_word' id='word_1_65' title='bbox 1235 805 1428 870; x_wconf 81' lang='lat' dir='ltr'>Alpium</span> <span class='ocrx_word' id='word_1_66' title='bbox 1455 807 1788 856; x_wconf 68' lang='lat' dir='ltr'>maritimarum</span> <span class='ocrx_word' id='word_1_67' title='bbox 1814 808 1859 855; x_wconf 92' lang='lat' dir='ltr'>in</span> 
     </span>
     <span class='ocr_line' id='line_1_10' title="bbox 192 873 1860 941; baseline 0.002 -18"><span class='ocrx_word' id='word_1_68' title='bbox 192 877 266 925; x_wconf 83' lang='lat' dir='ltr'>ius</span> <span class='ocrx_word' id='word_1_69' title='bbox 290 875 412 924; x_wconf 90' lang='lat' dir='ltr'>Latii</span> <span class='ocrx_word' id='word_1_70' title='bbox 437 876 693 925; x_wconf 83' lang='lat' dir='ltr'>transtulit.</span> <span class='ocrx_word' id='word_1_71' title='bbox 748 876 957 941; x_wconf 84' lang='lat' dir='ltr'>equitum</span> <span class='ocrx_word' id='word_1_72' title='bbox 977 873 1299 924; x_wconf 89' lang='lat' dir='ltr'>Romanorum</span> <span class='ocrx_word' id='word_1_73' title='bbox 1328 876 1470 924; x_wconf 90' lang='lat' dir='ltr'>locos</span> <span class='ocrx_word' id='word_1_74' title='bbox 1499 876 1730 926; x_wconf 88' lang='lat' dir='ltr'>sedilibus</span> <span class='ocrx_word' id='word_1_75' title='bbox 1755 876 1860 941; x_wconf 92' lang='lat' dir='ltr'>ple-</span> 
     </span>
     <span class='ocr_line' id='line_1_11' title="bbox 192 945 1860 1011; baseline 0 -17"><span class='ocrx_word' id='word_1_76' title='bbox 192 946 266 994; x_wconf 91' lang='lat' dir='ltr'>bis</span> <span class='ocrx_word' id='word_1_77' title='bbox 295 947 576 1011; x_wconf 91' lang='lat' dir='ltr'>anteposuit.</span> <span class='ocrx_word' id='word_1_78' title='bbox 593 946 717 1010; x_wconf 89' lang='lat' dir='ltr'>apud</span> <span class='ocrx_word' id='word_1_79' title='bbox 743 947 942 1001; x_wconf 74' lang='lat' dir='ltr'>circum:</span> <span class='ocrx_word' id='word_1_80' title='bbox 979 960 1183 1009; x_wconf 89' lang='lat' dir='ltr'>namque</span> <span class='ocrx_word' id='word_1_81' title='bbox 1219 945 1278 994; x_wconf 90' lang='lat' dir='ltr'>ad</span> <span class='ocrx_word' id='word_1_82' title='bbox 1319 960 1423 994; x_wconf 91' lang='lat' dir='ltr'>eam</span> <span class='ocrx_word' id='word_1_83' title='bbox 1458 945 1582 994; x_wconf 87' lang='lat' dir='ltr'>diem</span> <span class='ocrx_word' id='word_1_84' title='bbox 1616 946 1860 996; x_wconf 87' lang='lat' dir='ltr'>indiscreti</span> 
     </span>
     <span class='ocr_line' id='line_1_12' title="bbox 191 1014 1860 1079; baseline 0.001 -16"><span class='ocrx_word' id='word_1_85' title='bbox 191 1015 399 1078; x_wconf 77' lang='lat' dir='ltr'>inibant,</span> <span class='ocrx_word' id='word_1_86' title='bbox 427 1018 536 1079; x_wconf 89' lang='lat' dir='ltr'>quia</span> <span class='ocrx_word' id='word_1_87' title='bbox 562 1016 644 1064; x_wconf 86' lang='lat' dir='ltr'>lex</span> <span class='ocrx_word' id='word_1_88' title='bbox 670 1014 854 1065; x_wconf 86' lang='lat' dir='ltr'>Roscia.</span> <span class='ocrx_word' id='word_1_89' title='bbox 873 1014 987 1063; x_wconf 82' lang='lat' dir='ltr'>nihil</span> <span class='ocrx_word' id='word_1_90' title='bbox 1011 1015 1101 1063; x_wconf 88' lang='lat' dir='ltr'>nisi</span> <span class='ocrx_word' id='word_1_91' title='bbox 1129 1014 1190 1063; x_wconf 88' lang='lat' dir='ltr'>de</span> <span class='ocrx_word' id='word_1_92' title='bbox 1216 1015 1593 1079; x_wconf 83' lang='lat' dir='ltr'>quattuordecim</span> <span class='ocrx_word' id='word_1_93' title='bbox 1613 1015 1860 1065; x_wconf 89' lang='lat' dir='ltr'>ordinibus</span> 
     </span>
    </p>

    <p class='ocr_par' dir='ltr' id='par_1_4' title="bbox 152 1084 1859 1289">
     <span class='ocr_line' id='line_1_13' title="bbox 152 1084 1859 1150; baseline 0 -16"><span class='ocrx_word' id='word_1_94' title='bbox 152 1095 172 1126; x_wconf 81' lang='lat'>5</span> <span class='ocrx_word' id='word_1_95' title='bbox 192 1085 364 1134; x_wconf 87' lang='lat' dir='ltr'>sanxit.</span> <span class='ocrx_word' id='word_1_96' title='bbox 419 1085 700 1149; x_wconf 86' lang='lat' dir='ltr'>spectacula</span> <span class='ocrx_word' id='word_1_97' title='bbox 739 1085 1058 1149; x_wconf 84' lang='lat' dir='ltr'>gladiatorum</span> <span class='ocrx_word' id='word_1_98' title='bbox 1091 1084 1217 1133; x_wconf 88' lang='lat' dir='ltr'>idem</span> <span class='ocrx_word' id='word_1_99' title='bbox 1251 1100 1401 1133; x_wconf 88' lang='lat' dir='ltr'>annus</span> <span class='ocrx_word' id='word_1_100' title='bbox 1434 1084 1597 1134; x_wconf 83' lang='lat' dir='ltr'>habui-t</span> <span class='ocrx_word' id='word_1_101' title='bbox 1631 1086 1736 1150; x_wconf 88' lang='lat' dir='ltr'>pari</span> <span class='ocrx_word' id='word_1_102' title='bbox 1762 1100 1859 1134; x_wconf 87' lang='lat' dir='ltr'>ma-</span> 
     </span>
     <span class='ocr_line' id='line_1_14' title="bbox 190 1154 1850 1219; baseline 0 -17"><span class='ocrx_word' id='word_1_103' title='bbox 190 1155 469 1218; x_wconf 84' lang='lat' dir='ltr'>gnificentia</span> <span class='ocrx_word' id='word_1_104' title='bbox 506 1170 563 1203; x_wconf 93' lang='lat' dir='ltr'>ac</span> <span class='ocrx_word' id='word_1_105' title='bbox 599 1156 787 1219; x_wconf 79' lang='lat' dir='ltr'>priora:</span> <span class='ocrx_word' id='word_1_106' title='bbox 827 1154 913 1203; x_wconf 91' lang='lat' dir='ltr'>sed</span> <span class='ocrx_word' id='word_1_107' title='bbox 948 1154 1227 1203; x_wconf 85' lang='lat' dir='ltr'>feminarum</span> <span class='ocrx_word' id='word_1_108' title='bbox 1263 1154 1528 1203; x_wconf 86' lang='lat' dir='ltr'>inlustrium</span> <span class='ocrx_word' id='word_1_109' title='bbox 1567 1162 1850 1204; x_wconf 84' lang='lat' dir='ltr'>senatorum-</span> 
     </span>
     <span class='ocr_line' id='line_1_15' title="bbox 192 1223 1169 1289; baseline -0.001 -17"><span class='ocrx_word' id='word_1_110' title='bbox 192 1239 285 1288; x_wconf 87' lang='lat' dir='ltr'>que</span> <span class='ocrx_word' id='word_1_111' title='bbox 312 1223 478 1288; x_wconf 90' lang='lat' dir='ltr'>plures</span> <span class='ocrx_word' id='word_1_112' title='bbox 505 1239 593 1289; x_wconf 91' lang='lat' dir='ltr'>per</span> <span class='ocrx_word' id='word_1_113' title='bbox 622 1239 815 1273; x_wconf 84' lang='lat' dir='ltr'>arenam</span> <span class='ocrx_word' id='word_1_114' title='bbox 836 1224 1018 1273; x_wconf 84' lang='lat' dir='ltr'>foedati</span> <span class='ocrx_word' id='word_1_115' title='bbox 1045 1231 1169 1272; x_wconf 88' lang='lat' dir='ltr'>sunt.</span> 
     </span>
    </p>

    <p class='ocr_par' dir='ltr' id='par_1_5' title="bbox 188 1292 1869 1568">
     <span class='ocr_line' id='line_1_16' title="bbox 295 1292 1858 1344; baseline 0.001 -2"><span class='ocrx_word' id='word_1_116' title='bbox 295 1293 379 1343; x_wconf 88' lang='lat'>33.</span> <span class='ocrx_word' id='word_1_117' title='bbox 422 1292 477 1342; x_wconf 90' lang='lat' dir='ltr'>C.</span> <span class='ocrx_word' id='word_1_118' title='bbox 511 1294 752 1343; x_wconf 90' lang='lat' dir='ltr'>Laecanio</span> <span class='ocrx_word' id='word_1_119' title='bbox 793 1295 855 1344; x_wconf 90' lang='lat' dir='ltr'>M.</span> <span class='ocrx_word' id='word_1_120' title='bbox 897 1294 1081 1343; x_wconf 89' lang='lat' dir='ltr'>Licinio</span> <span class='ocrx_word' id='word_1_121' title='bbox 1125 1292 1403 1342; x_wconf 88' lang='lat' dir='ltr'>consulibus</span> <span class='ocrx_word' id='word_1_122' title='bbox 1442 1294 1633 1344; x_wconf 86' lang='lat' dir='ltr'>acriore</span> <span class='ocrx_word' id='word_1_123' title='bbox 1673 1295 1719 1343; x_wconf 90' lang='lat' dir='ltr'>in</span> <span class='ocrx_word' id='word_1_124' title='bbox 1755 1295 1858 1344; x_wconf 89' lang='lat' dir='ltr'>dies</span> 
     </span>
     <span class='ocr_line' id='line_1_17' title="bbox 192 1363 1869 1429; baseline -0.001 -17"><span class='ocrx_word' id='word_1_125' title='bbox 192 1363 415 1429; x_wconf 89' lang='lat' dir='ltr'>cupidine</span> <span class='ocrx_word' id='word_1_126' title='bbox 460 1363 747 1427; x_wconf 86' lang='lat' dir='ltr'>adigebatur</span> <span class='ocrx_word' id='word_1_127' title='bbox 779 1364 911 1413; x_wconf 90' lang='lat' dir='ltr'>Nero</span> <span class='ocrx_word' id='word_1_128' title='bbox 952 1365 1229 1427; x_wconf 84' lang='lat' dir='ltr'>promiscas.</span> <span class='ocrx_word' id='word_1_129' title='bbox 1255 1378 1459 1412; x_wconf 81' lang='lat' dir='ltr'>scaenas</span> <span class='ocrx_word' id='word_1_130' title='bbox 1503 1363 1869 1428; x_wconf 75' lang='lat' dir='ltr'>frequentandi.-</span> 
     </span>
     <span class='ocr_line' id='line_1_18' title="bbox 188 1432 1856 1498; baseline 0.001 -17"><span class='ocrx_word' id='word_1_131' title='bbox 188 1448 295 1482; x_wconf 91' lang='lat' dir='ltr'>nam</span> <span class='ocrx_word' id='word_1_132' title='bbox 330 1432 484 1482; x_wconf 89' lang='lat' dir='ltr'>adhuc</span> <span class='ocrx_word' id='word_1_133' title='bbox 523 1449 612 1498; x_wconf 87' lang='lat' dir='ltr'>per</span> <span class='ocrx_word' id='word_1_134' title='bbox 650 1433 837 1483; x_wconf 88' lang='lat' dir='ltr'>domum</span> <span class='ocrx_word' id='word_1_135' title='bbox 863 1441 941 1482; x_wconf 87' lang='lat' dir='ltr'>aut</span> <span class='ocrx_word' id='word_1_136' title='bbox 968 1433 1138 1483; x_wconf 90' lang='lat' dir='ltr'>hortos</span> <span class='ocrx_word' id='word_1_137' title='bbox 1174 1433 1419 1482; x_wconf 86' lang='lat' dir='ltr'>cecinerat</span> <span class='ocrx_word' id='word_1_138' title='bbox 1453 1433 1754 1482; x_wconf 87' lang='lat' dir='ltr'>iuvenalibus</span> <span class='ocrx_word' id='word_1_139' title='bbox 1789 1434 1856 1482; x_wconf 91' lang='lat' dir='ltr'>lu-</span> 
     </span>
     <span class='ocr_line' id='line_1_19' title="bbox 190 1503 1851 1568; baseline -0.001 -16"><span class='ocrx_word' id='word_1_140' title='bbox 190 1503 290 1564; x_wconf 82' lang='lat' dir='ltr'>dis,</span> <span class='ocrx_word' id='word_1_141' title='bbox 330 1517 452 1567; x_wconf 88' lang='lat' dir='ltr'>quos</span> <span class='ocrx_word' id='word_1_142' title='bbox 489 1511 539 1551; x_wconf 94' lang='lat' dir='ltr'>ut</span> <span class='ocrx_word' id='word_1_143' title='bbox 565 1519 732 1568; x_wconf 87' lang='lat' dir='ltr'>parum</span> <span class='ocrx_word' id='word_1_144' title='bbox 768 1503 993 1553; x_wconf 87' lang='lat' dir='ltr'>celebres</span> <span class='ocrx_word' id='word_1_145' title='bbox 1028 1510 1076 1552; x_wconf 89' lang='lat' dir='ltr'>et</span> <span class='ocrx_word' id='word_1_146' title='bbox 1114 1510 1274 1551; x_wconf 87' lang='lat' dir='ltr'>tantae</span> <span class='ocrx_word' id='word_1_147' title='bbox 1314 1503 1424 1551; x_wconf 90' lang='lat' dir='ltr'>voci</span> <span class='ocrx_word' id='word_1_148' title='bbox 1458 1510 1690 1567; x_wconf 86' lang='lat' dir='ltr'>angustos</span> <span class='ocrx_word' id='word_1_149' title='bbox 1721 1519 1851 1568; x_wconf 89' lang='lat' dir='ltr'>sper-</span> 
     </span>
    </p>

    <p class='ocr_par' dir='ltr' id='par_1_6' title="bbox 145 1571 1894 1917">
     <span class='ocr_line' id='line_1_20' title="bbox 145 1571 1856 1637; baseline 0.002 -20"><span class='ocrx_word' id='word_1_150' title='bbox 145 1572 349 1621; x_wconf 82' lang='lat' dir='ltr'>5nebat.</span> <span class='ocrx_word' id='word_1_151' title='bbox 417 1588 513 1622; x_wconf 90' lang='lat' dir='ltr'>non</span> <span class='ocrx_word' id='word_1_152' title='bbox 550 1581 707 1622; x_wconf 90' lang='lat' dir='ltr'>tamen</span> <span class='ocrx_word' id='word_1_153' title='bbox 744 1574 928 1624; x_wconf 88' lang='lat' dir='ltr'>Romae</span> <span class='ocrx_word' id='word_1_154' title='bbox 974 1573 1190 1637; x_wconf 84' lang='lat' dir='ltr'>incipere</span> <span class='ocrx_word' id='word_1_155' title='bbox 1237 1587 1379 1621; x_wconf 91' lang='lat' dir='ltr'>ausus</span> <span class='ocrx_word' id='word_1_156' title='bbox 1421 1571 1679 1636; x_wconf 89' lang='lat' dir='ltr'>Neapolim</span> <span class='ocrx_word' id='word_1_157' title='bbox 1722 1588 1856 1637; x_wconf 76' lang='lat' dir='ltr'>quasi</span> 
     </span>
     <span class='ocr_line' id='line_1_21' title="bbox 190 1642 1894 1707; baseline -0.001 -15"><span class='ocrx_word' id='word_1_158' title='bbox 190 1642 424 1692; x_wconf 87' lang='lat' dir='ltr'>Graecam</span> <span class='ocrx_word' id='word_1_159' title='bbox 446 1642 614 1692; x_wconf 89' lang='lat' dir='ltr'>urbem</span> <span class='ocrx_word' id='word_1_160' title='bbox 638 1643 846 1707; x_wconf 87' lang='lat' dir='ltr'>delegit:</span> <span class='ocrx_word' id='word_1_161' title='bbox 875 1643 983 1692; x_wconf 89' lang='lat' dir='ltr'>inde</span> <span class='ocrx_word' id='word_1_162' title='bbox 1008 1644 1185 1691; x_wconf 90' lang='lat' dir='ltr'>initium</span> <span class='ocrx_word' id='word_1_163' title='bbox 1209 1642 1345 1703; x_wconf 90' lang='lat' dir='ltr'>fore,</span> <span class='ocrx_word' id='word_1_164' title='bbox 1373 1649 1423 1689; x_wconf 92' lang='lat' dir='ltr'>ut</span> <span class='ocrx_word' id='word_1_165' title='bbox 1450 1649 1784 1705; x_wconf 72' lang='lat' dir='ltr'>transgressus</span> <span class='ocrx_word' id='word_1_166' title='bbox 1811 1643 1854 1690; x_wconf 94' lang='lat' dir='ltr'>in</span> <span class='ocrx_word' id='word_1_167' title='bbox 1878 1651 1894 1662; x_wconf 85' lang='lat'>’</span> 
     </span>
     <span class='ocr_line' id='line_1_22' title="bbox 187 1708 1856 1777; baseline -0.001 -16"><span class='ocrx_word' id='word_1_168' title='bbox 187 1712 423 1761; x_wconf 86' lang='lat' dir='ltr'>Achaiam</span> <span class='ocrx_word' id='word_1_169' title='bbox 456 1708 771 1777; x_wconf 84' lang='lat' dir='ltr'>insignesque</span> <span class='ocrx_word' id='word_1_170' title='bbox 808 1722 857 1761; x_wconf 94' lang='lat' dir='ltr'>et</span> <span class='ocrx_word' id='word_1_171' title='bbox 905 1714 1167 1776; x_wconf 81' lang='lat' dir='ltr'>antiquitus·</span> <span class='ocrx_word' id='word_1_172' title='bbox 1197 1726 1362 1760; x_wconf 90' lang='lat' dir='ltr'>sacras</span> <span class='ocrx_word' id='word_1_173' title='bbox 1405 1725 1611 1760; x_wconf 85' lang='lat' dir='ltr'>coronas</span> <span class='ocrx_word' id='word_1_174' title='bbox 1654 1711 1856 1775; x_wconf 89' lang='lat' dir='ltr'>adeptus</span> 
     </span>
     <span class='ocr_line' id='line_1_23' title="bbox 186 1782 1856 1845; baseline -0.002 -14"><span class='ocrx_word' id='word_1_175' title='bbox 186 1783 368 1831; x_wconf 89' lang='lat' dir='ltr'>maiore</span> <span class='ocrx_word' id='word_1_176' title='bbox 405 1782 531 1831; x_wconf 87' lang='lat' dir='ltr'>fama</span> <span class='ocrx_word' id='word_1_177' title='bbox 568 1783 718 1832; x_wconf 84' lang='lat' dir='ltr'>studia</span> <span class='ocrx_word' id='word_1_178' title='bbox 759 1783 929 1831; x_wconf 88' lang='lat' dir='ltr'>civium</span> <span class='ocrx_word' id='word_1_179' title='bbox 966 1782 1184 1831; x_wconf 91' lang='lat' dir='ltr'>eliceret.</span> <span class='ocrx_word' id='word_1_180' title='bbox 1240 1795 1362 1844; x_wconf 84' lang='lat' dir='ltr'>ergo</span> <span class='ocrx_word' id='word_1_181' title='bbox 1398 1787 1695 1830; x_wconf 82' lang='lat' dir='ltr'>contractum</span> <span class='ocrx_word' id='word_1_182' title='bbox 1721 1782 1856 1845; x_wconf 90' lang='lat' dir='ltr'>oppi-</span> 
     </span>
     <span class='ocr_line' id='line_1_24' title="bbox 188 1851 1856 1917; baseline -0.001 -17"><span class='ocrx_word' id='word_1_183' title='bbox 188 1852 418 1900; x_wconf 90' lang='lat' dir='ltr'>danorum</span> <span class='ocrx_word' id='word_1_184' title='bbox 452 1852 657 1915; x_wconf 83' lang='lat' dir='ltr'>volguS,</span> <span class='ocrx_word' id='word_1_185' title='bbox 695 1859 747 1900; x_wconf 88' lang='lat' dir='ltr'>et</span> <span class='ocrx_word' id='word_1_186' title='bbox 783 1867 905 1916; x_wconf 86' lang='lat' dir='ltr'>quos</span> <span class='ocrx_word' id='word_1_187' title='bbox 941 1867 968 1900; x_wconf 94' lang='lat' dir='ltr'>e</span> <span class='ocrx_word' id='word_1_188' title='bbox 1007 1852 1235 1917; x_wconf 83' lang='lat' dir='ltr'>proximis</span> <span class='ocrx_word' id='word_1_189' title='bbox 1262 1851 1467 1899; x_wconf 88' lang='lat' dir='ltr'>coloniis</span> <span class='ocrx_word' id='word_1_190' title='bbox 1505 1857 1552 1899; x_wconf 90' lang='lat' dir='ltr'>et</span> <span class='ocrx_word' id='word_1_191' title='bbox 1588 1851 1856 1915; x_wconf 84' lang='lat' dir='ltr'>municipiis</span> 
     </span>
    </p>

    <p class='ocr_par' dir='ltr' id='par_1_7' title="bbox 130 1919 1859 2126">
     <span class='ocr_line' id='line_1_25' title="bbox 130 1919 1859 1986; baseline 0.001 -20"><span class='ocrx_word' id='word_1_192' title='bbox 130 1934 170 1966; x_wconf 70' lang='grc' dir='ltr'>ιο</span> <span class='ocrx_word' id='word_1_193' title='bbox 189 1922 291 1969; x_wconf 88' lang='lat' dir='ltr'>eius</span> <span class='ocrx_word' id='word_1_194' title='bbox 330 1922 403 1969; x_wconf 86' lang='lat' dir='ltr'>rei</span> <span class='ocrx_word' id='word_1_195' title='bbox 439 1921 564 1970; x_wconf 84' lang='lat' dir='ltr'>fama</span> <span class='ocrx_word' id='word_1_196' title='bbox 597 1923 867 1984; x_wconf 87' lang='lat' dir='ltr'>acciverat,</span> <span class='ocrx_word' id='word_1_197' title='bbox 904 1922 1079 1986; x_wconf 88' lang='lat' dir='ltr'>quique</span> <span class='ocrx_word' id='word_1_198' title='bbox 1112 1920 1372 1970; x_wconf 83' lang='lat' dir='ltr'>Caesarem</span> <span class='ocrx_word' id='word_1_199' title='bbox 1408 1935 1497 1984; x_wconf 89' lang='lat' dir='ltr'>per</span> <span class='ocrx_word' id='word_1_200' title='bbox 1521 1919 1754 1970; x_wconf 86' lang='lat' dir='ltr'>honorem</span> <span class='ocrx_word' id='word_1_201' title='bbox 1779 1927 1859 1969; x_wconf 89' lang='lat' dir='ltr'>aut</span> 
     </span>
     <span class='ocr_line' id='line_1_26' title="bbox 185 1988 1858 2054; baseline -0.001 -15"><span class='ocrx_word' id='word_1_202' title='bbox 185 1991 349 2039; x_wconf 79' lang='lat' dir='ltr'>varios</span> <span class='ocrx_word' id='word_1_203' title='bbox 372 2006 487 2040; x_wconf 86' lang='lat' dir='ltr'>usus</span> <span class='ocrx_word' id='word_1_204' title='bbox 515 1999 776 2054; x_wconf 85' lang='lat' dir='ltr'>sectantur,</span> <span class='ocrx_word' id='word_1_205' title='bbox 807 1993 948 2040; x_wconf 89' lang='lat' dir='ltr'>etiam</span> <span class='ocrx_word' id='word_1_206' title='bbox 974 1992 1166 2040; x_wconf 89' lang='lat' dir='ltr'>militum</span> <span class='ocrx_word' id='word_1_207' title='bbox 1195 1990 1439 2054; x_wconf 89' lang='lat' dir='ltr'>manipuli,</span> <span class='ocrx_word' id='word_1_208' title='bbox 1466 1989 1701 2039; x_wconf 84' lang='lat' dir='ltr'>theatrum</span> <span class='ocrx_word' id='word_1_209' title='bbox 1730 1988 1858 2039; x_wconf 83' lang='lat' dir='ltr'>Nea-</span> 
     </span>
     <span class='ocr_line' id='line_1_27' title="bbox 185 2060 800 2126; baseline 0 -18"><span class='ocrx_word' id='word_1_210' title='bbox 185 2060 509 2125; x_wconf 91' lang='lat' dir='ltr'>politanorum</span> <span class='ocrx_word' id='word_1_211' title='bbox 540 2062 800 2126; x_wconf 88' lang='lat' dir='ltr'>complent.</span> 
     </span>
    </p>

    <p class='ocr_par' dir='ltr' id='par_1_8' title="bbox 184 2129 1855 2404">
     <span class='ocr_line' id='line_1_28' title="bbox 255 2129 1855 2196; baseline -0.003 -16"><span class='ocrx_word' id='word_1_212' title='bbox 255 2162 258 2165; x_wconf 94' lang='lat'><em>-</em></span> <span class='ocrx_word' id='word_1_213' title='bbox 290 2131 376 2180; x_wconf 87' lang='lat'>34.</span> <span class='ocrx_word' id='word_1_214' title='bbox 413 2129 546 2195; x_wconf 87' lang='lat' dir='ltr'>Illic,</span> <span class='ocrx_word' id='word_1_215' title='bbox 573 2131 794 2196; x_wconf 89' lang='lat' dir='ltr'>plerique</span> <span class='ocrx_word' id='word_1_216' title='bbox 819 2139 868 2179; x_wconf 92' lang='lat' dir='ltr'>ut</span> <span class='ocrx_word' id='word_1_217' title='bbox 893 2130 1269 2189; x_wconf 82' lang='lat' dir='ltr'>arbitrabantur,</span> <span class='ocrx_word' id='word_1_218' title='bbox 1308 2129 1468 2190; x_wconf 84' lang='lat' dir='ltr'>triste,</span> <span class='ocrx_word' id='word_1_219' title='bbox 1508 2136 1557 2177; x_wconf 87' lang='lat' dir='ltr'>ut</span> <span class='ocrx_word' id='word_1_220' title='bbox 1580 2129 1715 2194; x_wconf 84' lang='lat' dir='ltr'>ipse,</span> <span class='ocrx_word' id='word_1_221' title='bbox 1745 2143 1855 2193; x_wconf 88' lang='lat' dir='ltr'>pro·</span> 
     </span>
     <span class='ocr_line' id='line_1_29' title="bbox 185 2198 1855 2264; baseline -0.002 -16"><span class='ocrx_word' id='word_1_222' title='bbox 185 2200 342 2248; x_wconf 80' lang='lat' dir='ltr'>vidum</span> <span class='ocrx_word' id='word_1_223' title='bbox 368 2201 530 2264; x_wconf 88' lang='lat' dir='ltr'>potius</span> <span class='ocrx_word' id='word_1_224' title='bbox 556 2209 604 2249; x_wconf 91' lang='lat' dir='ltr'>et</span> <span class='ocrx_word' id='word_1_225' title='bbox 636 2200 862 2250; x_wconf 82' lang='lat' dir='ltr'>secundis</span> <span class='ocrx_word' id='word_1_226' title='bbox 886 2200 1153 2249; x_wconf 88' lang='lat' dir='ltr'>numinibus</span> <span class='ocrx_word' id='word_1_227' title='bbox 1180 2199 1366 2247; x_wconf 88' lang='lat' dir='ltr'>evenit:</span> <span class='ocrx_word' id='word_1_228' title='bbox 1409 2212 1516 2247; x_wconf 89' lang='lat' dir='ltr'>nam</span> <span class='ocrx_word' id='word_1_229' title='bbox 1543 2212 1750 2261; x_wconf 84' lang='lat' dir='ltr'>egresso</span> <span class='ocrx_word' id='word_1_230' title='bbox 1778 2198 1855 2261; x_wconf 91' lang='lat' dir='ltr'>qui</span> 
     </span>
     <span class='ocr_line' id='line_1_30' title="bbox 184 2268 1854 2334; baseline -0.001 -17"><span class='ocrx_word' id='word_1_231' title='bbox 184 2270 404 2317; x_wconf 86' lang='lat' dir='ltr'>adsuerat</span> <span class='ocrx_word' id='word_1_232' title='bbox 438 2271 623 2334; x_wconf 93' lang='lat' dir='ltr'>populo</span> <span class='ocrx_word' id='word_1_233' title='bbox 660 2285 860 2319; x_wconf 86' lang='lat' dir='ltr'>vacuum</span> <span class='ocrx_word' id='word_1_234' title='bbox 900 2278 949 2319; x_wconf 91' lang='lat' dir='ltr'>et</span> <span class='ocrx_word' id='word_1_235' title='bbox 985 2271 1087 2318; x_wconf 90' lang='lat' dir='ltr'>sine</span> <span class='ocrx_word' id='word_1_236' title='bbox 1133 2269 1273 2317; x_wconf 86' lang='lat' dir='ltr'>ullius</span> <span class='ocrx_word' id='word_1_237' title='bbox 1309 2282 1435 2316; x_wconf 84' lang='lat' dir='ltr'>noxa</span> <span class='ocrx_word' id='word_1_238' title='bbox 1471 2268 1705 2316; x_wconf 88' lang='lat' dir='ltr'>theatrum</span> <span class='ocrx_word' id='word_1_239' title='bbox 1743 2281 1854 2316; x_wconf 90' lang='lat' dir='ltr'>con·</span> 
     </span>
     <span class='ocr_line' id='line_1_31' title="bbox 184 2337 1855 2404; baseline -0.002 -17"><span class='ocrx_word' id='word_1_240' title='bbox 184 2339 370 2403; x_wconf 89' lang='lat' dir='ltr'>lapsum</span> <span class='ocrx_word' id='word_1_241' title='bbox 403 2347 492 2387; x_wconf 91' lang='lat' dir='ltr'>est.</span> <span class='ocrx_word' id='word_1_242' title='bbox 558 2354 679 2403; x_wconf 89' lang='lat' dir='ltr'>ergo</span> <span class='ocrx_word' id='word_1_243' title='bbox 719 2355 808 2403; x_wconf 91' lang='lat' dir='ltr'>per</span> <span class='ocrx_word' id='word_1_244' title='bbox 846 2339 1132 2404; x_wconf 86' lang='lat' dir='ltr'>conpositos</span> <span class='ocrx_word' id='word_1_245' title='bbox 1180 2346 1346 2387; x_wconf 90' lang='lat' dir='ltr'>cantus</span> <span class='ocrx_word' id='word_1_246' title='bbox 1390 2345 1557 2399; x_wconf 85' lang='lat' dir='ltr'>grates</span> <span class='ocrx_word' id='word_1_247' title='bbox 1595 2337 1666 2385; x_wconf 91' lang='lat' dir='ltr'>dis</span> <span class='ocrx_word' id='word_1_248' title='bbox 1714 2344 1855 2400; x_wconf 90' lang='lat' dir='ltr'>atque</span> 
     </span>
    </p>

    <p class='ocr_par' dir='ltr' id='par_1_9' title="bbox 146 2406 1854 2752">
     <span class='ocr_line' id='line_1_32' title="bbox 146 2406 1854 2471; baseline -0.001 -16"><span class='ocrx_word' id='word_1_249' title='bbox 146 2427 164 2454; x_wconf 70' lang='grc' dir='ltr'>ε,</span> <span class='ocrx_word' id='word_1_250' title='bbox 187 2410 340 2471; x_wconf 86' lang='lat' dir='ltr'>ipsam</span> <span class='ocrx_word' id='word_1_251' title='bbox 376 2410 590 2457; x_wconf 89' lang='lat' dir='ltr'>recentis</span> <span class='ocrx_word' id='word_1_252' title='bbox 628 2424 769 2457; x_wconf 85' lang='lat' dir='ltr'>casus</span> <span class='ocrx_word' id='word_1_253' title='bbox 804 2409 1043 2457; x_wconf 84' lang='lat' dir='ltr'>fortunam</span> <span class='ocrx_word' id='word_1_254' title='bbox 1071 2407 1327 2456; x_wconf 86' lang='lat' dir='ltr'>celebrans</span> <span class='ocrx_word' id='word_1_255' title='bbox 1354 2407 1684 2470; x_wconf 88' lang='lat' dir='ltr'>petiturusque</span> <span class='ocrx_word' id='word_1_256' title='bbox 1712 2406 1854 2454; x_wconf 87' lang='lat' dir='ltr'>maris</span> 
     </span>
     <span class='ocr_line' id='line_1_33' title="bbox 180 2473 1854 2543; baseline -0.003 -17"><span class='ocrx_word' id='word_1_257' title='bbox 180 2478 389 2526; x_wconf 89' lang='lat' dir='ltr'>Hadriae</span> <span class='ocrx_word' id='word_1_258' title='bbox 431 2478 662 2527; x_wconf 89' lang='lat' dir='ltr'>traiectus</span> <span class='ocrx_word' id='word_1_259' title='bbox 707 2478 834 2543; x_wconf 90' lang='lat' dir='ltr'>apud</span> <span class='ocrx_word' id='word_1_260' title='bbox 880 2478 1207 2527; x_wconf 87' lang='lat' dir='ltr'>Beneventum</span> <span class='ocrx_word' id='word_1_261' title='bbox 1247 2477 1432 2525; x_wconf 86' lang='lat' dir='ltr'>interim</span> <span class='ocrx_word' id='word_1_262' title='bbox 1483 2475 1734 2538; x_wconf 84' lang='lat' dir='ltr'>consedit,</span> <span class='ocrx_word' id='word_1_263' title='bbox 1775 2473 1854 2522; x_wconf 90' lang='lat' dir='ltr'>ubi</span> 
     </span>
     <span class='ocr_line' id='line_1_34' title="bbox 181 2543 1852 2610; baseline -0.002 -15"><span class='ocrx_word' id='word_1_264' title='bbox 181 2547 516 2610; x_wconf 86' lang='lat' dir='ltr'>gladiatorium</span> <span class='ocrx_word' id='word_1_265' title='bbox 565 2564 732 2597; x_wconf 89' lang='lat' dir='ltr'>munus</span> <span class='ocrx_word' id='word_1_266' title='bbox 774 2564 801 2597; x_wconf 86' lang='lat' dir='ltr'>a</span> <span class='ocrx_word' id='word_1_267' title='bbox 839 2548 1034 2597; x_wconf 89' lang='lat' dir='ltr'>Vatinio</span> <span class='ocrx_word' id='word_1_268' title='bbox 1076 2546 1274 2596; x_wconf 86' lang='lat' dir='ltr'>celebre</span> <span class='ocrx_word' id='word_1_269' title='bbox 1323 2544 1570 2595; x_wconf 84' lang='lat' dir='ltr'>edebatur.</span> <span class='ocrx_word' id='word_1_270' title='bbox 1633 2543 1852 2595; x_wconf 86' lang='lat' dir='ltr'>Vatinius</span> 
     </span>
     <span class='ocr_line' id='line_1_35' title="bbox 181 2614 1851 2676; baseline -0.002 -13"><span class='ocrx_word' id='word_1_271' title='bbox 181 2620 304 2665; x_wconf 87' lang='lat' dir='ltr'>inter</span> <span class='ocrx_word' id='word_1_272' title='bbox 340 2617 617 2667; x_wconf 83' lang='lat' dir='ltr'>foedissima</span> <span class='ocrx_word' id='word_1_273' title='bbox 657 2620 760 2667; x_wconf 90' lang='lat' dir='ltr'>eius</span> <span class='ocrx_word' id='word_1_274' title='bbox 804 2617 942 2667; x_wconf 88' lang='lat' dir='ltr'>aulae</span> <span class='ocrx_word' id='word_1_275' title='bbox 979 2624 1169 2666; x_wconf 87' lang='lat' dir='ltr'>ostenta</span> <span class='ocrx_word' id='word_1_276' title='bbox 1205 2616 1318 2676; x_wconf 78' lang='lat' dir='ltr'>fuit,</span> <span class='ocrx_word' id='word_1_277' title='bbox 1367 2617 1579 2667; x_wconf 81' lang='lat' dir='ltr'>sutrinae</span> <span class='ocrx_word' id='word_1_278' title='bbox 1625 2614 1851 2663; x_wconf 82' lang='lat' dir='ltr'>tabernae</span> 
     </span>
     <span class='ocr_line' id='line_1_36' title="bbox 184 2683 1851 2752; baseline -0.002 -19"><span class='ocrx_word' id='word_1_279' title='bbox 184 2686 424 2750; x_wconf 89' lang='lat' dir='ltr'>alumnus,</span> <span class='ocrx_word' id='word_1_280' title='bbox 455 2701 667 2752; x_wconf 88' lang='lat' dir='ltr'>corpore</span> <span class='ocrx_word' id='word_1_281' title='bbox 695 2688 915 2750; x_wconf 89' lang='lat' dir='ltr'>detorto,</span> <span class='ocrx_word' id='word_1_282' title='bbox 941 2687 1131 2736; x_wconf 86' lang='lat' dir='ltr'>facetiis</span> <span class='ocrx_word' id='word_1_283' title='bbox 1157 2684 1455 2746; x_wconf 84' lang='lat' dir='ltr'>scurrilibus,</span> <span class='ocrx_word' id='word_1_284' title='bbox 1485 2685 1636 2749; x_wconf 89' lang='lat' dir='ltr'>primo</span> <span class='ocrx_word' id='word_1_285' title='bbox 1663 2683 1708 2731; x_wconf 89' lang='lat' dir='ltr'>in</span> <span class='ocrx_word' id='word_1_286' title='bbox 1737 2696 1851 2731; x_wconf 89' lang='lat' dir='ltr'>con-</span> 
     </span>
    </p>

    <p class='ocr_par' dir='ltr' id='par_1_10' title="bbox 127 2753 1851 2946">
     <span class='ocr_line' id='line_1_37' title="bbox 127 2753 1851 2836; baseline -0.002 -35"><span class='ocrx_word' id='word_1_287' title='bbox 127 2755 401 2804; x_wconf 64' lang='lat' dir='ltr'>sotumelias</span> <span class='ocrx_word' id='word_1_288' title='bbox 426 2756 728 2822; x_wconf 88' lang='lat' dir='ltr'>adsumptus;</span> <span class='ocrx_word' id='word_1_289' title='bbox 768 2756 942 2805; x_wconf 88' lang='lat' dir='ltr'>dehinc</span> <span class='ocrx_word' id='word_1_290' title='bbox 974 2756 1138 2836; x_wconf 74' lang='lat' dir='ltr'>optimi</span> <span class='ocrx_word' id='word_1_291' title='bbox 1173 2757 1401 2819; x_wconf 89' lang='lat' dir='ltr'>cuiusque</span> <span class='ocrx_word' id='word_1_292' title='bbox 1440 2753 1763 2802; x_wconf 83' lang='lat' dir='ltr'>criminatione</span> <span class='ocrx_word' id='word_1_293' title='bbox 1790 2764 1851 2798; x_wconf 90' lang='lat' dir='ltr'>eo</span> 
     </span>
     <span class='ocr_line' id='line_1_38' title="bbox 182 2820 1850 2890; baseline -0.003 -19"><span class='ocrx_word' id='word_1_294' title='bbox 182 2840 334 2887; x_wconf 89' lang='lat' dir='ltr'>usque</span> <span class='ocrx_word' id='word_1_295' title='bbox 372 2825 544 2889; x_wconf 83' lang='lat' dir='ltr'>valuit,</span> <span class='ocrx_word' id='word_1_296' title='bbox 593 2834 644 2875; x_wconf 92' lang='lat' dir='ltr'>ut</span> <span class='ocrx_word' id='word_1_297' title='bbox 687 2829 870 2890; x_wconf 86' lang='lat' dir='ltr'>gratia,</span> <span class='ocrx_word' id='word_1_298' title='bbox 918 2827 1150 2889; x_wconf 89' lang='lat' dir='ltr'>pecunia,</span> <span class='ocrx_word' id='word_1_299' title='bbox 1194 2826 1240 2872; x_wconf 86' lang='lat' dir='ltr'>vi</span> <span class='ocrx_word' id='word_1_300' title='bbox 1279 2822 1487 2873; x_wconf 89' lang='lat' dir='ltr'>nocendi</span> <span class='ocrx_word' id='word_1_301' title='bbox 1523 2822 1661 2870; x_wconf 85' lang='lat' dir='ltr'>etiam</span> <span class='ocrx_word' id='word_1_302' title='bbox 1699 2820 1850 2868; x_wconf 87' lang='lat' dir='ltr'>malos</span> 
     </span>
     <span class='ocr_line' id='line_1_39' title="bbox 186 2895 521 2946; baseline 0.009 -6"><span class='ocrx_word' id='word_1_303' title='bbox 186 2895 521 2946; x_wconf 80' lang='lat' dir='ltr'>praemineret.</span> 
     </span>
    </p>
   </div>
  </div>
 </body>
</html>
