1976 3224
576 223 750 260 121ssssss
781 223 856 260 xt.
899 222 1023 261 cAP.
1050 221 1251 264 20—24.
1654 211 1754 264 189

89 359 187 416 tur,
217 354 330 417 quin
355 352 505 418 prima
531 352 724 400 iuventa
758 352 1056 401 consulatum
1083 359 1130 399 et
1156 351 1412 400 dictaturas
1440 352 1627 399 inirent.
1672 351 1758 400 sed

87 431 372 487 quaestores
393 420 590 484 regibus
613 422 753 470 etiam
775 429 868 470 tum
891 421 1235 485 imperantibus
1257 422 1454 470 instituti
1477 428 1600 484 sunt,
1630 421 1759 485 quod

86 491 169 540 lex
206 493 384 540 curiata
422 490 630 539 ostendit
666 489 724 539 ab
750 489 800 540 L.
825 491 972 540 Bruto
1000 493 1222 555 repetita.
1284 491 1551 555 mansitque
1585 504 1756 539 consu-

86 561 209 610 libus
237 569 451 627 potestas
478 560 738 623 deligendi,
768 561 924 611 donec
944 576 1049 608 eum
1068 575 1259 625 quoque
1285 559 1520 608 honorem
1546 560 1756 625 populus

85 631 344 680 mandaret.
391 631 636 694 creatique
664 633 861 695 primum
881 630 1104 680 Valerius
1120 630 1303 679 Potitus
1330 637 1378 678 et
1402 629 1637 678 Aemilius
1655 630 1752 680 Ma·
1782 646 1821 679 15

85 717 273 750 mercus
301 702 640 764 sexagensimo
666 703 806 750 tertio
837 715 958 750 anno
987 707 1098 764 post
1125 700 1412 763 Tarquinios
1440 707 1671 761 exactOS,
1711 707 1761 748 ut

85 787 187 820 rem
224 771 474 819 militarem
513 771 867 819 comitarentur.
928 769 1039 818 dein
1075 769 1393 832 gliscentibus
1423 771 1633 832 negotiis
1663 769 1758 818 duo

85 840 254 903 additi,
283 841 360 905 qui
380 840 563 889 Romae
591 848 836 889 curarent:
864 854 976 888 mox
1003 839 1274 903 duplicatus
1299 854 1549 901 numerus,
1580 842 1759 904 stipen-

85 911 235 960 diaria
268 911 356 959 iam
385 908 519 958 Italia
558 916 605 957 et
641 909 986 958 accedentibus
1026 910 1380 972 provinciarum
1407 909 1759 972 vectigalibus:

85 987 194 1046 post
223 979 334 1042 lege
361 979 523 1028 Sullae
552 979 722 1042 viginti
752 981 900 1028 creati
932 978 1204 1043 supplendo
1234 979 1446 1042 senatui,
1486 981 1558 1027 cui
1587 979 1758 1028 iudicia
1777 994 1821 1028 20

84 1049 361 1099 tradiderat.
444 1057 491 1097 et
541 1063 825 1113 quamquam
875 1049 1064 1112 equites
1108 1048 1282 1097 iudicia
1328 1049 1760 1113 reciperavissent,

85 1127 341 1185 quaestura
377 1126 533 1168 tamen
561 1133 623 1166 ex
653 1118 883 1181 dignitate
921 1118 1278 1167 candidatorum
1309 1126 1387 1167 aut
1414 1117 1647 1167 facilitate
1680 1120 1760 1167 tri-

84 1190 324 1238 buentium
353 1190 561 1251 gratuito
598 1187 984 1251 concedebatur,
1026 1187 1182 1236 donec
1211 1189 1446 1236 sententia
1472 1187 1759 1238 Dolabellae

86 1259 217 1308 velut
246 1258 611 1307 venundaretur.

189 1327 272 1376 23.
310 1328 369 1375 A.
391 1327 590 1376 Vitellio
614 1327 664 1375 L.
691 1329 930 1392 Vipstano
960 1327 1239 1376 consulibus
1265 1342 1370 1376 cum
1398 1327 1457 1376 de
1485 1328 1759 1392 supplendo

86 1405 253 1446 senatu
280 1398 542 1460 agitaretur
571 1398 904 1462 prImoresque
932 1396 1144 1460 Galliae,
1174 1413 1296 1462 quae
1320 1396 1516 1446 Comata
1543 1398 1760 1462 appella-

85 1475 185 1529 tur,
214 1466 415 1515 foedera
447 1474 494 1514 et
524 1467 762 1515 civitatem
786 1467 1048 1516 Romanam
1077 1466 1260 1531 pridem
1292 1467 1535 1530 adsecuti,
1565 1469 1637 1514 ius
1667 1467 1761 1516 adi-

87 1536 424 1601 piscendorum
455 1537 501 1583 in
535 1535 652 1584 urbe
689 1536 922 1585 honorum
961 1544 1277 1601 expeterent,
1314 1536 1485 1584 multus
1521 1551 1577 1584 ea
1615 1552 1763 1600 super

84 1621 139 1656 re
167 1608 424 1670 variusque
451 1619 626 1654 rumor.
680 1614 727 1654 et
763 1606 929 1655 studiis
967 1607 1171 1654 diversis
1209 1606 1334 1670 apud
1361 1606 1627 1670 principem
1652 1622 1758 1654 eer—
1779 1622 1798 1653 5

86 1676 270 1726 tabatur
302 1676 685 1724 adseverantium
720 1690 815 1724 non
851 1675 973 1724 adeo
1013 1691 1208 1739 aegram
1244 1675 1427 1725 Italiam
1463 1683 1512 1723 ut
1546 1683 1761 1724 senatum

0 1795 1 1812 1
87 1744 398 1810 suppeditare
439 1743 545 1792 urbi
594 1760 709 1794 suae
757 1747 995 1810 nequiret.
1066 1745 1318 1794 suffecisse
1359 1745 1472 1793 olim
1511 1745 1760 1808 indigenas

0 2565 1 2573 ⁴
0 1960 7 2557 u-ss——m—-v———w—-v‘

88 1815 457 1879 consanguineis
501 1815 722 1878 populiS,
767 1830 856 1863 nec
897 1816 1146 1879 paenitere
1186 1815 1367 1863 veteris
1410 1815 1481 1862 rei
1519 1814 1759 1879 publicae.

88 1887 198 1948 quin
225 1883 377 1931 adhuc
400 1885 665 1932 vmemorari
703 1885 927 1948 exempla
971 1899 1092 1948 quae
1134 1885 1307 1948 priscis
1336 1883 1549 1932 moribus
1582 1884 1639 1932 ad
1666 1885 1758 1932 vir-

87 1961 230 2002 tutem
257 1959 304 2000 et
330 1952 535 2014 gloriam
563 1953 776 2001 Romana
802 1953 990 2001 indoles
1018 1953 1299 2017 prodiderit.
1352 1969 1412 2001 an
1439 1969 1602 2017 parum
1631 1953 1758 2017 quod
1780 1972 1820 2010 ιο

87 2023 262 2072 Veneti
289 2028 336 2069 et
361 2021 588 2069 Insubres
622 2024 799 2070 curiam
826 2023 1115 2087 inruperint,
1154 2024 1243 2070 nisi
1269 2030 1437 2071 coetus
1465 2024 1760 2084 alienigena-

89 2107 188 2143 rum
214 2091 344 2139 velut
373 2093 625 2155 captivitas
668 2090 930 2140 inferatur?
967 2107 1107 2156 quem
1134 2091 1256 2140 ultra
1296 2092 1530 2140 honorem
1555 2091 1760 2139 residuis

89 2161 347 2223 nobilium,
376 2168 453 2209 aut
478 2162 517 2208 si
546 2163 650 2224 quis
679 2176 863 2225 pauper
893 2176 919 2209 e
943 2161 1079 2210 Latio
1108 2169 1302 2210 senator
1332 2159 1496 2209 soret?
1536 2161 1758 2225 oppletu-

88 2246 170 2280 ros
197 2232 353 2279 omnia
389 2230 560 2278 divites
603 2231 742 2293 illos,
779 2245 976 2294 quorum
1004 2232 1079 2279 avi
1120 2232 1385 2294 proavique
1412 2230 1652 2279 hostilium
1680 2246 1759 2279 na-

88 2303 264 2350 tionum
292 2299 439 2348 duces
467 2301 709 2348 exercitus
735 2306 927 2348 nostros
956 2300 1086 2348 serro
1118 2301 1260 2363 vique
1288 2299 1576 2363 ceciderint,
1603 2301 1759 2349 divum
1780 2319 1818 2351 15

88 2369 253 2419 Iulium
282 2369 408 2433 apud
436 2368 650 2418 Alesiam
677 2369 970 2418 obsederint.
1020 2371 1234 2418 recentia
1264 2370 1416 2418 haec:
1447 2370 1559 2434 quid
1596 2371 1635 2419 si
1662 2387 1758 2419 me-

90 2442 240 2488 moria
269 2453 432 2486 eorum
462 2447 706 2501 oreretur,
743 2441 821 2504 qui
846 2446 874 2495 †
904 2438 1142 2503 Capitolio
1179 2447 1225 2487 et
1262 2455 1340 2487 ara
1370 2441 1583 2489 Romana
1613 2443 1757 2487 mani-

90 2508 179 2558 bus
206 2507 467 2556 eorundem
493 2523 580 2572 pcr
608 2523 661 2557 se
688 2510 805 2556 satis
835 2509 899 2542 *⁴¹
929 2510 1200 2557 fruerentur
1231 2524 1345 2557 sane
1371 2509 1613 2557 vocabulo
1645 2510 1757 2556 civi·

92 2578 222 2627 tatis:
252 2578 458 2640 insignia
485 2585 695 2641 patrum,
722 2577 900 2627 decora
925 2580 1281 2640 magistratuum
1307 2594 1366 2626 ne
1392 2579 1662 2640 vulgarent.

194 2647 278 2696 24.
314 2647 399 2695 His
436 2654 578 2711 atque
616 2645 788 2695 talibus
824 2647 947 2695 haud
983 2655 1228 2710 permotus
1266 2649 1494 2711 princeps
1525 2655 1572 2694 et
1603 2648 1758 2695 statim

94 2724 260 2765 contra
298 2717 519 2765 disseruit
556 2725 604 2765 et
639 2723 814 2764 vocato
845 2724 1012 2764 senatu
1045 2718 1108 2765 ita
1145 2730 1349 2764 exorsus
1377 2724 1475 2765 est:
1520 2718 1758 2765 ‘maiores

94 2786 215 2846 mei,
252 2800 448 2849 quorum
482 2785 832 2851 antiquissimus
869 2783 1070 2834 Clausus
1108 2786 1295 2848 origine
1327 2785 1502 2834 Sabina
1541 2786 1676 2834 simul
1713 2789 1759 2834 in

94 2853 334 2903 civitatem
368 2857 629 2904 Romanam
669 2862 715 2902 et
754 2855 798 2901 in
837 2855 1038 2903 familias
1077 2855 1387 2918 patriciorum
1415 2855 1624 2904 adscitus
1666 2864 1756 2918 est,

94 2921 339 2972 hortantur
379 2927 443 2972 uti
491 2925 684 2989 paribus
741 2924 954 2972 consiliis
1011 2925 1056 2971 in
1101 2940 1154 2973 re
1202 2924 1394 2989 publica
1443 2926 1756 2989 capessenda,
1780 2948 1799 2979 ⁵
