1976 3224
267 167 371 219 234
723 177 997 217 commun
1020 178 1217 217 TAcrrI
1238 178 1544 217 ANNALIUM

372 307 457 357 20.
496 306 738 355 Provecta
773 320 871 354 nox
907 313 1010 354 erat
1046 313 1094 354 et
1117 305 1299 355 Neroni
1327 321 1416 371 per
1447 307 1758 356 vinolentiam
1781 308 1937 358 trahe-

265 377 422 440 batur,
452 391 557 425 cum
582 375 851 439 ingreditur
869 375 1019 439 PariS,
1045 376 1216 424 solitus
1244 376 1454 441 alioquin
1479 376 1527 424 id
1546 376 1939 442 temporisluxus

264 441 498 514 principis
540 444 817 509 intendere,
857 444 943 493 sed
968 452 1078 494 tunc
1105 447 1403 510 compositus
1429 445 1488 495 ad
1515 447 1826 510 maestitiam,
1855 462 1937 496 ex·

263 519 525 582 positoque
561 515 721 564 indicii
762 515 929 564 ordine
967 515 1032 563 ita
1069 514 1340 564 audientem
1371 521 1614 579 exterret,
1639 523 1812 565 utnon
1837 524 1939 566 tan·

224 595 363 636 stum
399 593 601 639 matrem
641 585 952 648 Plautumque
979 586 1285 647 interlicere,
1329 584 1416 634 sed
1445 585 1647 635 Burrum
1686 587 1827 635 etiam
1857 587 1938 636 de·

260 671 462 706 movere
500 655 808 720 praefectura
855 652 1125 703 destinaret
1166 662 1403 719 tamquam
1437 655 1742 721 Agrippinae
1782 657 1939 720 gratia

261 728 547 793 provectum
579 732 627 773 et
652 725 808 773 vicem
835 723 1130 773 reddentem.
1187 723 1363 774 Fabius
1387 725 1615 775 Rusticus
1641 733 1810 775 auctor
1845 733 1937 788 est,

159 821 194 852 ο
262 798 475 861 scriptos
514 809 625 844 esse
666 793 725 842 ad
764 793 1023 843 Caecinam
1057 794 1263 844 Tuscum
1304 795 1586 859 codiciIIOS,
1631 795 1850 846 mandata
1893 797 1937 844 ei

263 867 614 932 praetoriarum
641 864 909 913 cohortium
933 879 1073 927 cura,
1112 863 1198 912 sed
1237 879 1334 930 ope
1360 865 1581 914 Senecae
1614 865 1939 929 dignationem

204 952 244 986 10
259 936 411 986 Burro
451 942 710 984 retentam:
754 934 932 983 Plinius
971 942 1018 982 et
1059 933 1255 982 Cluvius
1293 933 1409 983 nihil
1446 934 1706 984 dubitatum
1747 935 1807 984 de
1843 934 1937 984 fide

261 1005 502 1072 praefecti
528 1005 770 1060 referunt;
813 1018 930 1052 sane
955 1002 1133 1052 Fabius
1170 1003 1367 1052 inclinat
1399 1003 1459 1053 ad
1499 1003 1667 1054 laudes
1695 1005 1935 1065 Senecae,

261 1077 395 1126 cuius
417 1075 622 1123 amicitia
646 1073 821 1122 floruit.
874 1088 964 1122 nos
989 1087 1278 1122 consensum
1299 1081 1545 1124 auctorum
1566 1075 1791 1138 secuturi,
1812 1088 1935 1139 quae

260 1146 453 1195 diversa
483 1143 808 1210 prodiderint,
849 1142 936 1191 sub
962 1142 1229 1192 nominibus
1256 1145 1471 1207 ipsorum
1497 1144 1754 1194 trademus
1803 1144 1934 1193 Nero

259 1214 476 1280 trepidus
520 1221 568 1262 et
607 1212 971 1262 interficiendae
1007 1214 1171 1262 matris
1210 1213 1376 1263 avidus
1427 1228 1524 1262 non
1572 1216 1705 1280 prius
1753 1213 1936 1263 differri

204 1300 244 1333 15
261 1285 416 1351 potuit
445 1299 587 1348 quam
615 1282 795 1331 Burrus
819 1298 990 1332 necem
1016 1284 1119 1331 eius
1140 1284 1456 1348 promitteret,
1486 1284 1527 1332 si
1545 1284 1776 1333 facinoris
1798 1298 1933 1332 coar-

258 1361 514 1418 gueretur:
545 1352 632 1402 sed
652 1354 953 1417 cuicumque,
981 1352 1153 1401 nedum
1173 1354 1358 1418 parenti
1377 1353 1708 1403 defensionem
1726 1352 1934 1402 tribuen-

258 1425 388 1481 dam;
427 1438 518 1472 nec
559 1429 873 1472 accusatores
908 1423 1110 1485 adesse,
1151 1423 1238 1472 sed
1272 1437 1444 1472 vocem
1483 1424 1621 1473 unius
1651 1438 1714 1472 ex
1746 1424 1934 1472 inimica

258 1495 402 1543 domo
427 1493 631 1542 adferri:
653 1500 903 1556 reputaret
923 1492 1150 1541 tenebras
1171 1501 1219 1541 et
1232 1494 1477 1557 vigilatam
1498 1493 1723 1543 convivio
1743 1500 1934 1542 noctem

258 1564 513 1627 omniaque
537 1563 793 1612 temeritati
822 1570 870 1610 et
896 1563 1112 1610 inscitiae
1141 1564 1389 1626 propiora.

364 1633 446 1682 2⁴1.
493 1633 574 1682 Sic
612 1632 759 1680 lenito
793 1632 1025 1697 principis
1052 1639 1178 1680 metu
1209 1640 1256 1680 et
1281 1632 1390 1680 luce
1418 1638 1522 1680 orta
1549 1632 1643 1680 itur
1667 1631 1727 1680 ad
1754 1630 1930 1697 Agrip·

256 1705 432 1767 pinam,
459 1710 509 1750 ut
537 1709 765 1750 nosceret
791 1701 985 1750 obiecta
1011 1700 1399 1766 dissolveretque
1426 1701 1506 1750 vel
1528 1714 1735 1766 poenam
1757 1700 1929 1750 lueret.

255 1773 434 1821 Burrus
470 1772 529 1820 iis
572 1770 805 1819 mandatis
845 1771 1035 1820 Seneca
1075 1785 1238 1820 coram
1283 1770 1596 1835 sung-ebatum
1650 1770 1849 1820 aderant
1884 1777 1931 1819 et

256 1858 318 1891 ex
353 1841 540 1890 libertis
578 1839 744 1890 arbitri
778 1842 1033 1890 sermonis.
1084 1840 1256 1890 deinde
1293 1857 1318 1890 a
1348 1841 1528 1905 Burro,
1561 1847 1813 1907 postquam
1839 1842 1928 1889 cri-

215 1913 379 1964 smina
418 1918 468 1959 et
501 1917 726 1960 auctores
766 1911 1014 1975 exposuit,
1057 1911 1307 1960 minaciter
1343 1919 1516 1961 actum.
1574 1918 1622 1959 et
1657 1910 1930 1975 Agrippina

253 1982 472 2031 ferociae
495 1995 677 2029 memor
703 1980 830 2029 ‘non
856 1980 1032 2029 miror'
1060 1981 1212 2045 inquit
1236 1983 1251 2007 ³
1268 1981 1493 2043 Silanam‚
1522 1995 1772 2045 numquam
1799 1979 1928 2028 edito

255 2059 419 2116 partu,
442 2058 644 2099 matrum
673 2049 892 2100 adfectus
919 2052 1115 2113 ignotos
1142 2051 1349 2107 habere;
1388 2066 1547 2115 neque
1577 2052 1701 2099 enim
1730 2049 1927 2115 perinde

253 2136 279 2169 a
306 2121 586 2185 parentibus
613 2119 755 2169 liberi
783 2135 921 2185 quam
957 2121 1016 2169 ab
1051 2120 1273 2185 inpudica
1304 2120 1504 2169 adulteri
1530 2127 1780 2169 mutantur.
1837 2133 1928 2167 nec

254 2191 293 2239 si
329 2189 503 2238 Iturius
538 2198 587 2238 et
627 2189 865 2238 Calvisius
907 2189 1066 2239 adesis
1104 2190 1323 2239 omnibus
1370 2191 1575 2240 fortunis
1621 2190 1925 2238 novissimam

193 2276 235 2311 ιο
254 2260 594 2323 suscipiendae
627 2260 949 2309 accusationis
990 2275 1189 2324 operam
1227 2262 1332 2309 anui
1369 2260 1663 2325 rependunt,
1702 2259 1812 2308 ideo
1850 2266 1927 2308 aut

250 2328 362 2376 mihi
400 2329 591 2377 infamia
631 2329 874 2392 parricidii
898 2336 977 2377 aut
1001 2329 1198 2379 Caesari
1234 2332 1528 2379 conscientia
1559 2328 1804 2379 subeunda
1833 2335 1922 2377 est.

249 2412 357 2446 nam
386 2397 910 2451 Domitiaejnimicitiis
939 2401 1120 2462 gratias
1147 2413 1362 2463 agerem,
1393 2401 1432 2448 si
1461 2399 1804 2449 benevolentia
1827 2412 1924 2446 me·

251 2482 358 2516 cum
397 2468 443 2515 in
476 2467 719 2516 Neronem
754 2482 909 2515 meum
936 2476 1168 2517 certaret:
1208 2484 1332 2518 nunc
1368 2485 1457 2534 per
1484 2468 1799 2519 concubinum
1822 2467 1924 2516 Ati-

248 2544 425 2586 metum
466 2545 513 2586 et
553 2536 834 2586 histrionem
868 2536 1085 2587 Paridem
1131 2539 1268 2602 quasi
1316 2554 1526 2588 scaenae
1569 2538 1757 2588 fabulas
1796 2551 1923 2586 com·

191 2617 232 2652 15
255 2608 405 2671 ponit.
452 2607 670 2656 Baiarum
708 2622 897 2656 suarum
930 2609 1141 2672 piscinas
1181 2608 1474 2672 extollebat,
1515 2623 1620 2658 cum
1653 2608 1773 2656 meis
1810 2622 1922 2656 con·

248 2676 368 2725 siliis
396 2677 594 2741 adoptio
623 2684 671 2725 et
699 2677 1051 2742 proconsulare
1087 2679 1158 2726 ius
1186 2685 1233 2726 et
1259 2678 1528 2742 designatio
1564 2676 1838 2727 consulatus
1876 2683 1923 2724 et

249 2753 414 2795 cetera
461 2745 726 2811 apiscendo
775 2748 976 2812 imperio
1013 2755 1432 2812 praepararentur.
1488 2755 1566 2796 aut
1601 2747 1804 2796 exsistat
1843 2747 1922 2811 qui

248 2815 475 2864 cohortes
511 2817 557 2863 in
594 2815 711 2864 urbe
747 2824 1028 2882 temptataS,
1078 2818 1158 2882 qui
1206 2818 1557 2881 provinciarum
1605 2816 1743 2864 fidem
1790 2816 1920 2865 labe-

244 2882 490 2948 factatam,
542 2884 746 2951 denique
781 2900 954 2936 servos
993 2886 1072 2935 vel
1123 2885 1328 2935 libertos
1373 2886 1430 2934 ad
1464 2886 1625 2934 scelus
1662 2892 1917 2950 corruptos
