1976 3224
215 184 284 234 58
653 193 927 234 CORNELII
949 195 1144 234 TAcrrr
1170 195 1472 235 ANNALIUM

175 339 196 370 5
217 329 314 370 tum
342 337 533 371 servum
564 337 699 370 suum
727 331 984 372 coerceret
1011 338 1070 372 an
1095 325 1283 373 inanem
1310 323 1639 374 credulitatem
1662 327 1886 389 tempore

211 394 319 456 ipso
347 407 615 440 vanescere
643 393 849 441 sineret:
888 392 1032 441 modo
1066 393 1181 441 nihil
1217 392 1564 459 spernendum,
1604 393 1747 443 modo
1787 404 1897 443 non

213 461 366 510 omnia
392 461 644 510 metuenda
671 461 922 525 ambiguus
956 463 1154 527 pudoris
1192 477 1250 512 ac
1282 469 1437 510 metus
1477 463 1742 528 reputabat.
1796 478 1883 528 po·

212 539 390 580 stremo
421 530 502 579 dat
533 533 781 594 negotium
812 532 1038 581 Sallustio
1068 531 1262 596 Crispo.
1317 532 1400 580 ille
1428 547 1456 580 e
1486 532 1737 581 clientibus
1764 532 1886 582 duos

212 600 430 666 (quidam
454 601 630 650 milites
657 601 806 650 fuisse
833 601 1045 665 tradunt)
1084 601 1251 664 deligit
1285 609 1429 665 atque
1464 602 1704 665 hortatur,
1744 603 1884 651 simu-

154 687 193 720 πο
210 670 305 719 lata
335 671 635 720 conscientia
661 671 859 735 adeant,
887 672 1092 721 offerant
1120 673 1402 736 pecuniam,
1446 672 1587 721 fidem
1622 679 1766 736 atque
1800 686 1884 736 pe-

205 740 360 789 ricula
390 740 728 805 polliceantur.
782 749 1112 805 exsequuntur
1137 749 1188 790 ut
1212 743 1391 790 iussum
1413 749 1529 790 erat.
1579 740 1688 790 dein
1708 755 1882 806 specu-

199 810 291 858 'lati
326 818 521 859 noctem
573 810 934 874 incustoditam,
981 819 1188 876 accepta
1233 811 1404 860 idonea
1459 826 1627 875 manu,
1671 812 1884 860 vinctum

207 879 372 929 clauso
395 895 481 930 ore
502 881 550 928 in
567 879 797 929 Palatium
815 888 1025 930 traxere.
1067 883 1370 946 percontanti
1390 880 1604 943 Tiberin,
1628 895 1723 944 quo
1738 880 1882 928 modo

206 949 431 1014 Agrippa
455 950 611 998 factus
638 958 785 1013 esset,
813 951 1127 1015 respondisse
1165 951 1317 999 fertur
1356 954 1471 1015 ‘quo
1499 950 1643 999 modo
1677 958 1726 998 tu
1763 948 1882 999 Cae-

150 1034 189 1066 15
207 1022 324 1068 sar?
389 1026 439 1067 ut
467 1018 636 1068 ederet
661 1021 828 1070 socios
859 1019 1019 1084 subigi
1045 1035 1140 1069 non
1167 1021 1335 1084 potuit.
1402 1035 1494 1069 nec
1515 1020 1736 1070 Tiberius
1757 1034 1879 1084 poe-

205 1103 313 1138 nam
339 1090 443 1137 eius
469 1089 627 1153 palam
653 1104 824 1152 ausuS,
866 1091 913 1138 in
944 1097 1136 1139 secreta
1162 1090 1329 1139 Palatii
1355 1098 1492 1155 parte
1517 1090 1723 1138 interfici
1746 1090 1884 1138 iussit

207 1173 483 1223 corpusque
511 1159 634 1208 clam
661 1160 855 1208 auferri
906 1167 954 1208 et
991 1175 1274 1225 quamquam
1303 1160 1436 1208 multi
1463 1174 1491 1207 e
1526 1160 1668 1209 domo
1706 1159 1882 1224 princi-

204 1228 281 1292 pis
308 1230 593 1292 equitesque
621 1244 680 1278 ac
711 1237 965 1278 senatores
992 1237 1292 1279 sustentasse
1321 1229 1524 1330 opibus,
1551 1230 1730 1278 iuvisse
1765 1243 1878 1277 con-

205 1298 325 1346 siliis
352 1299 644 1361 dicerentur,
673 1299 798 1348 haud
825 1301 1106 1364 quaesitum

307 1369 392 1417 41.
435 1367 554 1416 Fine
580 1370 688 1417 anni
725 1383 865 1417 arcus
903 1378 1107 1434 propter
1143 1369 1312 1418 aedem
1348 1367 1538 1417 Saturni
1577 1367 1640 1418 ob
1679 1375 1882 1432 recepta

204 1438 345 1499 signa
373 1453 478 1486 cum
506 1438 636 1487 Varo
665 1439 838 1487 amissa
867 1438 1008 1487 ductu
1038 1438 1325 1500 Germanici,
1352 1438 1583 1502 auspiciis
1604 1437 1798 1500 Tiberii,
1833 1444 1882 1485 et

204 1507 353 1556 aedes
379 1507 540 1555 Fortis
564 1502 810 1557 Fortunae
838 1508 1050 1570 Tiberim
1073 1510 1203 1557 iuxta
1229 1510 1276 1556 in
1314 1507 1494 1570 hortiS,
1538 1519 1658 1572 quos
1698 1505 1875 1556 Caesar

201 1576 409 1626 dictator
447 1577 632 1641 populo
666 1578 886 1627 Romano
923 1578 1201 1641 legaverat,
1248 1577 1509 1626 sacrarium
1553 1576 1686 1639 genti
1728 1575 1879 1624 Iuliae

160 1639 186 1690 ,τί
203 1647 492 1710 effigiesque
521 1646 632 1696 divo
660 1647 885 1711 Augusto
912 1648 1038 1712 apud
1061 1647 1275 1696 Bovillas
1303 1646 1533 1695 dicantur.

311 1715 364 1763 C.
393 1715 609 1765 Caecilio
644 1717 695 1765 L.
722 1717 990 1782 Pomponio
1030 1716 1307 1766 consulibus
1349 1715 1658 1766 Germanicus
1697 1714 1879 1764 Caesar

160 1812 180 1830 0
199 1800 243 1834 a.
275 1784 319 1832 d.
353 1784 461 1835 v11.
484 1785 592 1834 Kal.
618 1785 775 1835 Iunias
802 1786 1108 1851 triumphavit
1133 1787 1193 1835 de
1225 1785 1486 1835 Cheruscis
1515 1784 1792 1849 Chattisque
1830 1792 1880 1833 et

199 1854 503 1917 Angrivariis
543 1870 763 1919 quaeque
801 1856 925 1905 aliae
959 1858 1179 1906 nationes
1214 1871 1367 1920 usque
1404 1856 1463 1905 ad
1499 1854 1659 1904 Albim
1696 1854 1876 1903 colunt.

200 1931 342 1973 vecta
371 1925 548 1988 spolia,
580 1927 776 1990 captivi,
806 1926 1059 1975 simulacra
1086 1927 1329 1987 montium,
1358 1925 1625 1988 fluminum,
1665 1923 1876 1989 proelio-

143 2006 183 2039 10
200 2008 325 2050 rum;
354 1993 649 2058 bellumque,
679 1997 788 2058 quia
815 1996 1060 2044 conficere
1090 1994 1357 2060 prohibitus
1385 2002 1504 2058 erat,
1532 2009 1622 2058 pro
1645 1994 1878 2043 confecto

198 2064 542 2127 accipiebatur.
593 2064 803 2126 augebat
833 2065 1110 2114 intuentium
1136 2067 1268 2114 visus
1293 2066 1464 2113 eximia
1490 2064 1642 2128 ipsius
1679 2063 1876 2127 species

198 2148 460 2198 currusque
492 2135 701 2197 quinque
727 2134 895 2183 liberis
926 2142 1140 2184 onustus.
1192 2134 1279 2184 sed
1316 2134 1511 2182 suberat
1548 2132 1739 2182 occulta
1775 2131 1874 2179 for-

196 2202 322 2251 mido
349 2202 682 2267 reputantibus
708 2203 833 2252 haud
860 2218 1149 2268 prosperum
1176 2205 1222 2252 in
1247 2204 1406 2252 Druso
1433 2210 1570 2268 patre
1607 2201 1709 2249 eius
1737 2200 1872 2249 favo-

195 2286 297 2319 rem
323 2272 470 2334 vulgi,
499 2273 784 2321 avunculum
811 2274 1022 2322 eiusdem
1047 2273 1327 2323 Marcellum
1362 2270 1674 2334 flagrantibus
1713 2269 1873 2334 plebis

140 2352 178 2384 15
197 2339 363 2388 studiis
398 2343 518 2388 intra
559 2343 796 2390 iuventam
832 2340 1075 2406 ereptum,
1114 2342 1292 2391 breves
1329 2349 1378 2390 et
1420 2342 1656 2389 infaustos
1703 2339 1872 2404 populi

196 2410 399 2459 Romani
428 2423 633 2458 amores.

295 2479 381 2528 42.
421 2477 646 2527 Ceterum
683 2478 906 2528 Tiberius
938 2480 1130 2529 nomine
1164 2479 1431 2529 Germanici
1467 2486 1698 2528 trecenos
1734 2477 1870 2542 plebi

192 2548 448 2597 sestertios
474 2549 648 2597 viritim
674 2548 804 2597 dedit
831 2564 985 2612 seque
1015 2549 1258 2611 collegam
1287 2549 1555 2598 consulatui
1582 2550 1684 2597 eius
1720 2547 1867 2596 desti-

190 2619 334 2667 navit.
387 2632 480 2666 nec
514 2617 627 2667 ideo
665 2619 885 2667 sincerae
923 2619 1133 2667 caritatis
1185 2619 1326 2667 fidem
1379 2618 1638 2667 adsecutus
1681 2616 1868 2666 amoliri

190 2687 411 2735 iuvenem
464 2689 633 2751 specie
672 2687 872 2736 honoris
911 2689 1072 2736 statuit
1107 2689 1373 2752 struxitque
1411 2702 1581 2737 causas
1621 2694 1700 2735 aut
1735 2687 1865 2734 forte

193 2755 380 2805 oblatas
427 2757 642 2822 arripuit.
713 2772 803 2805 rex
848 2755 1120 2806 Archelaus
1169 2757 1645 2821 quinquagensimum
1696 2770 1866 2804 annum

191 2823 500 2888 Cappadocia
554 2826 852 2891 potiebatur,
895 2827 1078 2875 invisus
1119 2826 1341 2888 Tiberio,
1386 2825 1514 2888 quod
1559 2839 1664 2873 eum
1705 2823 1867 2873 Rhodi

189 2900 408 2955 agentem
442 2895 573 2944 nullo
610 2896 773 2943 officio
799 2897 1045 2944 coluisset.
1098 2910 1190 2943 nec
1214 2896 1260 2943 id
1287 2893 1556 2943 Archelaus
1586 2908 1865 2958 per-super-
