1976 3224
677 168 852 205 LIBER
876 168 960 204 111.
991 167 1117 206 CAP.
1140 165 1310 208 7—12.
1772 157 1838 208 83

161 295 371 345 validum
398 302 447 343 et
472 295 800 344 conscientiae
825 296 988 343 matris
1015 297 1238 344 innexum
1265 310 1404 351 esse;
1447 310 1662 359 veraque
1687 305 1766 345 aut
1791 298 1839 345 in

161 367 376 415 deterius
407 364 590 413 credita
616 364 775 413 iudice
801 364 860 413 ab
887 380 982 414 uno
1012 365 1203 414 facilius
1225 365 1474 427 discerni,
1504 365 1662 414 odium
1691 374 1740 414 et
1766 368 1834 415 in-
1852 387 1894 421 ιο

159 435 333 484 vidiam
370 434 495 498 apud
530 434 705 483 multos
741 434 924 483 valere.
999 434 1124 489 haud
1169 431 1371 484 fallebat
1406 434 1649 484 Tiberium
1679 436 1838 485 moles

159 505 450 568 cognitionis
478 518 668 568 quaque
695 505 804 568 ipse
835 503 959 553 fama
987 504 1354 565 distraheretur.
1413 505 1558 568 igitur
1580 507 1747 569 paucis
1768 507 1836 555 fa·

157 575 406 623 miliarium
435 573 659 622 adhibitis
686 575 838 622 minas
876 575 1203 623 accusantium
1239 581 1287 623 et
1322 574 1433 623 hinc
1482 590 1660 639 preces
1708 576 1838 625 audit

155 646 489 708 integramque
519 657 712 692 causam
739 644 799 692 ad
825 652 1039 692 senatum
1064 645 1277 693 remittit.

265 715 346 762 11.
399 713 561 777 Atque
594 714 782 761 interim
819 713 1005 762 Drusus
1041 715 1234 762 rediens
1270 714 1498 777 Illyrico,
1555 730 1839 779 quamquam

155 790 318 848 patres
358 784 663 831 censuissent
697 783 760 831 ob
795 790 1049 847 receptum
1088 783 1435 832 Maroboduum
1473 792 1522 833 et
1555 800 1635 832 res
1673 786 1838 849 priore

154 859 338 903 aestate
368 859 535 916 gestas
562 861 612 901 ut
639 868 790 902 ovans
817 854 973 917 iniret,
1002 854 1195 917 prolato
1227 854 1414 902 honore
1441 854 1609 902 urbem
1629 855 1836 904 intravit.

143 930 266 988 post
293 937 417 987 quae
440 937 528 971 reo
565 922 617 971 L.
646 922 948 986 Arruntium,
987 923 1040 971 L.
1066 923 1334 984 Vinicium,
1376 923 1593 972 Asinium
1632 923 1836 988 Gallum,

152 986 472 1042 Aeserninum
497 992 806 1055 Marcellum,
833 994 949 1041 Sex.
978 992 1258 1057 Pompeium
1286 1000 1518 1058 patronos
1546 996 1728 1058 petenti
1755 996 1833 1044 iis·
1858 1010 1878 1041 5

154 1078 248 1128 que
276 1063 469 1126 diversa
497 1063 842 1112 excusantibus
866 1062 958 1111 Μ.
986 1062 1196 1144 Lepidus
1223 1071 1271 1111 et
1296 1063 1348 1112 L.
1376 1063 1487 1111 Piso
1518 1071 1565 1112 et
1593 1062 1838 1114 Livineius

154 1132 371 1195 Regulus
400 1121 621 1195 adfuere,
654 1133 850 1182 adrecta
879 1133 1004 1180 omni
1035 1135 1256 1195 civitate,
1299 1140 1474 1198 quanta
1514 1133 1636 1182 iides
1671 1134 1838 1183 amicis

154 1202 456 1264 Germanici,
495 1217 619 1266 quae
656 1202 830 1251 fiducia
866 1217 982 1259 reo;
1026 1204 1151 1251 satin
1189 1202 1442 1252 cohiberet
1489 1218 1547 1251 ac
1593 1211 1840 1266 premeret

153 1287 324 1321 sensus
354 1285 469 1320 suos
498 1271 737 1320 Tiberius
802 1274 842 1320 is
879 1272 1004 1321 haud
1033 1272 1151 1321 alias
1183 1273 1435 1336 intentior,
1477 1273 1687 1337 populus
1727 1273 1837 1337 plus

152 1342 244 1391 sibi
270 1342 317 1390 in
342 1343 610 1424 principem
650 1342 872 1391 occultae
910 1343 1047 1391 vocis
1087 1350 1166 1391 aut
1204 1344 1470 1407 suspicacis
1508 1342 1685 1390 silentii
1724 1355 1896 1406 per-10

152 1413 294 1460 misit.

261 1482 343 1531 12.
383 1481 476 1530 Die
507 1488 702 1532 senatus
732 1479 914 1530 Caesar
951 1484 1216 1530 orationem
1254 1482 1419 1530 habuit
1454 1482 1683 1530 meditato
1717 1488 1835 1533 tem-

152 1559 451 1617 peramento.
501 1553 652 1617 patris
681 1554 753 1601 sui
780 1552 991 1616 legatum
1017 1560 1161 1618 atque
1189 1553 1391 1602 amicum
1428 1551 1651 1603 Pisonem
1685 1554 1837 1603 fuisse

151 1622 514 1685 adiutoremque
558 1621 843 1671 Germanico
885 1623 1044 1672 datum
1081 1640 1106 1672 a
1145 1639 1198 1672 se
1246 1633 1445 1673 auctore
1485 1632 1652 1672 senatu
1689 1624 1837 1673 rebus

151 1688 279 1756 apud
310 1693 546 1740 orientem
574 1692 975 1741 administrandis.
1033 1691 1135 1742 illic
1162 1695 1464 1743 contumacia
1494 1702 1542 1742 et
1563 1695 1834 1743 certamini-

150 1761 239 1810 bus
267 1770 548 1825 asperasset
573 1763 799 1811 iuvenem
830 1764 1056 1827 exituque
1085 1765 1187 1811 eius
1217 1764 1423 1813 laetatus
1453 1771 1612 1825 esset,
1638 1778 1697 1812 an
1725 1779 1831 1812 sce·
1855 1775 1875 1807 5

151 1831 257 1879 lere
286 1831 590 1892 extinxisset,
618 1834 820 1894 integris
849 1834 1015 1880 animis
1044 1833 1411 1883 diiudicandum.
1467 1837 1603 1882 ‘nam
1629 1835 1669 1882 si
1698 1833 1833 1896 lega-

150 1907 228 1947 tus
255 1899 403 1948 oflicii
428 1902 678 1962 termium,
709 1901 997 1965 obsequium
1029 1917 1147 1965 erga
1179 1904 1525 1967 imperatorem
1553 1904 1686 1951 exuit
1708 1904 1833 1951 eius-

151 1968 358 2031 demque
385 1977 539 2018 morte
568 1977 616 2017 et
641 1970 773 2018 luctu
804 1984 912 2018 meo
940 1972 1146 2020 laetatus
1174 1980 1274 2034 est,
1317 1973 1469 2021 odero
1501 1987 1834 2036 seponamque

152 2052 177 2086 a
208 2037 349 2086 domo
378 2053 484 2087 mea
511 2046 559 2086 et
596 2040 810 2102 privatas
844 2040 1116 2089 inimicitias
1140 2055 1235 2089 non
1264 2044 1311 2090 vi
1338 2043 1572 2106 principis
1598 2042 1833 2090 ulciscar:

152 2108 223 2159 sin
253 2107 441 2156 facinus
468 2109 515 2155 in
542 2109 885 2172 cuiuscumque
910 2110 1181 2159 mortalium
1208 2126 1333 2159 nece
1372 2111 1709 2159 vindicandum
1747 2110 1830 2159 de·
1852 2124 1893 2156 10

150 2178 345 2240 tegitur,
377 2172 476 2226 vos'
494 2192 615 2226 vero
648 2186 697 2226 et
719 2178 903 2227 liberos
935 2178 1205 2229 Germanici
1235 2188 1282 2229 et
1316 2195 1406 2228 nos
1433 2187 1663 2245 parentes
1697 2180 1834 2228 iustis

148 2248 347 2296 solaciis
377 2247 584 2296 adlicite.
642 2248 876 2313 simulque
904 2249 1021 2298 illud
1048 2257 1290 2314 reputate,
1316 2250 1507 2299 turbide
1530 2258 1578 2298 et
1600 2250 1834 2299 seditiose

147 2318 431 2366 tractaverit
458 2319 704 2366 exercitus
730 2317 860 2380 Piso,
892 2321 1109 2383 quaesita
1132 2321 1224 2368 sint
1245 2335 1334 2384 per
1351 2320 1654 2369 ambitionem
1677 2318 1834 2367 studia

148 2387 366 2448 militum,
400 2387 544 2435 armis
573 2388 782 2452 repetita
809 2389 1077 2453 provincia,
1107 2405 1166 2439 an
1194 2390 1316 2438 falsa
1342 2390 1466 2438 haec
1492 2391 1539 2437 in
1559 2391 1709 2438 maius
1728 2387 1830 2435 vul-

148 2458 371 2520 gaverint
400 2465 736 2520 accusatoreS,
765 2473 966 2522 quorum
993 2473 1087 2521 ego
1118 2460 1271 2507 nimiis
1299 2460 1466 2509 studiis
1495 2460 1599 2507 iure
1630 2472 1828 2506 suscen·
1851 2468 1891 2500 15

150 2540 258 2574 seo.
311 2541 418 2574 nam
467 2540 571 2590 quo.
610 2529 836 2591 pertinuit
888 2529 1069 2577 nudare
1111 2544 1290 2594 corpus
1340 2537 1388 2577 et
1436 2526 1832 2577 contrectandum

147 2595 283 2658 vulgi
300 2595 455 2644 oculis
470 2598 751 2659 permittere
765 2597 1046 2661 differrique
1070 2600 1211 2647 etiam
1231 2614 1320 2663 per
1343 2605 1573 2646 externos
1594 2603 1833 2660 tamquam

149 2679 342 2713 veneno
370 2666 669 2730 interceptus
705 2674 864 2728 esset,
902 2668 942 2714 si
976 2668 1160 2716 incerta
1191 2667 1345 2716 adhuc
1371 2668 1463 2715 ista
1498 2673 1547 2714 et
1574 2665 1833 2721 scrutanda

151 2732 295 2783 sunt?
324 2734 482 2783 defleo
521 2735 745 2799 equidem
781 2735 926 2783 filium
958 2750 1115 2784 meum
1149 2751 1441 2801 semperque
1485 2735 1702 2788 deflebo:
1745 2733 1831 2782 sed

149 2818 312 2869 neque
339 2819 474 2853 reum
501 2805 738 2869 prohibeo
768 2819 862 2869 quo
888 2806 1042 2853 minus
1071 2815 1240 2855 cuncta
1270 2806 1518 2871 proferat,
1561 2804 1734 2869 quibus
1762 2805 1828 2851 in·
1847 2821 1891 2853 20

152 2875 377 2923 nocentia
407 2875 510 2923 eius
538 2874 784 2924 sublevari
814 2882 920 2937 aut,
958 2875 998 2923 si
1037 2889 1127 2938 qua
1167 2876 1255 2925 fuit
1290 2874 1831 2993 iniquitasssgiermanicss
