1976 3224
232 204 335 255 226
643 214 916 253 CORNELn
944 214 1139 253 ΤΑΟΙΤῙ
1167 216 1472 255 ANNALIUM

230 358 388 392 rarum
431 343 476 390 in
523 343 759 390 societate
799 343 1070 406 potentiae,
1116 345 1415 407 concordeS‚
1468 345 1659 395 diversa
1705 353 1808 394 arte
1846 361 1910 396 ex

233 427 388 478 aequo
417 411 700 477 pollebant,
739 411 918 460 Burrus
952 412 1236 462 militaribus
1267 415 1395 462 curis
1430 421 1477 463 et
1521 417 1780 466 severitate
1809 430 1908 465 mo·

189 498 357 546 5rum,
404 483 593 530 Seneca
639 481 919 546 praeceptis
966 480 1277 546 eloquentiae
1322 491 1371 533 et
1420 485 1642 534 comitate
1683 483 1908 549 honesta,

231 555 448 602 iuvantes
484 553 530 599 in
564 553 743 615 vicem,
789 565 883 615 quo
921 550 1112 601 facilius
1152 552 1384 604 lubricam
1425 555 1658 620 principis
1684 561 1905 619 aetatem,

231 626 270 672 si
298 625 518 671 virtutem
559 627 929 685 aspernaretur,
978 621 1306 687 voluptatibus
1344 625 1597 674 concessis
1623 626 1903 674 retinerent.

230 700 470 742 certamen
490 692 678 755 utrique
702 706 844 739 unum
869 698 972 739 erat
999 699 1164 742 contra
1184 693 1418 742 ferociam
1438 693 1755 759 Agrippinae,
1783 709 1907 759 quae

230 763 414 812 cunctis
453 761 608 810 malae
651 760 986 810 dominationis
1031 762 1331 827 cupidinibus
1367 764 1578 827 flagrans
1610 763 1821 813 habebat
1861 764 1909 812 in

170 850 210 883 10
230 832 444 898 partibus
472 831 764 894 Pallantem,
805 846 900 895 quo
942 838 1142 882 auctore
1170 831 1396 883 Claudius
1432 834 1610 899 nuptiis
1636 833 1834 882 incestis
1861 840 1910 882 et

228 903 489 968 adoptione
525 902 731 951 exitiosa
759 908 912 950 semet
942 910 1261 965 perverterat.
1322 903 1409 952 sed
1445 918 1602 968 neque
1626 902 1810 952 Neroni
1840 903 1907 951 in-

225 974 299 1023 fra
326 987 498 1022 servos
523 972 791 1035 ingenium,
823 978 872 1019 et
893 970 1056 1019 Pallas
1077 973 1200 1021 tristi
1227 972 1509 1036 adrogantia
1530 973 1720 1022 modum
1745 972 1907 1022 liberti
1938 1007 1944 1014 .

227 1058 458 1106 egressus
495 1041 702 1102 taedium
739 1042 809 1089 sui
847 1048 1081 1090 moverat.
1155 1043 1425 1108 propalam,
1448 1049 1607 1092 tamen
1652 1057 1820 1092 omnes
1860 1043 1908 1090 in

226 1128 332 1161 eam
362 1113 575 1162 honores
608 1110 992 1172 cumulabantur,
1026 1113 1312 1176 signumque
1337 1127 1472 1162 more
1498 1113 1695 1163 militiae
1723 1112 1907 1178 petenti

168 1201 208 1234 15
228 1182 419 1231 tribuno
447 1180 579 1231 dedit
606 1182 852 1246 „optimae
878 1181 1100 1248 matrisf‘
1128 1181 1311 1231 decreti
1333 1190 1379 1232 et
1405 1198 1431 1232 a
1458 1186 1630 1233 senatu
1653 1181 1745 1231 duo
1767 1181 1907 1232 licto-

224 1268 333 1316 reS,
372 1253 625 1302 flaminium
661 1250 939 1314 Claudiale,
980 1251 1117 1300 simul
1148 1250 1349 1301 Claudio
1392 1254 1663 1302 censorium
1695 1252 1836 1301 funus
1860 1258 1908 1301 et

223 1338 335 1372 mox
362 1323 687 1372 consecratio.
1563 1370 1567 1373 .

331 1393 380 1444 3.
421 1392 514 1440 Die
553 1391 737 1441 funeris
782 1390 1102 1440 laudationem
1141 1392 1244 1442 eius
1290 1393 1523 1458 princeps
1569 1405 1775 1440 exorsus
1817 1398 1906 1454 est,

227 1463 334 1512 dum
365 1463 690 1527 antiquitatem
717 1462 943 1526 generiS,
983 1461 1263 1511 consulatus
1301 1477 1359 1512 ac
1383 1460 1650 1528 triumphos
1675 1462 1906 1510 maiorum

226 1531 561 1595 enumerabat,
598 1534 806 1581 intentus
840 1532 946 1597 ipse
983 1538 1031 1580 et
1067 1533 1247 1589 ceteri;
1288 1531 1557 1581 liberalium
1600 1546 1796 1596 quoque
1833 1545 1905 1579 ar-

224 1604 338 1651 tium
369 1603 761 1652 commemoratio
794 1608 842 1650 et
865 1600 982 1650 nihil
1007 1608 1214 1664 regente
1241 1616 1301 1650 eo
1330 1604 1466 1651 triste
1497 1603 1568 1650 rei
1594 1600 1819 1665 publicae
1844 1599 1905 1649 ab

185 1692 204 1723 5
229 1673 442 1721 externis
479 1672 717 1722 accidisse
766 1673 934 1737 pronis
973 1672 1138 1720 animis
1176 1670 1359 1721 audita:
1407 1678 1661 1735 postquam
1697 1670 1754 1719 ad
1794 1684 1904 1735 pro-

225 1742 481 1791 videntiam
510 1743 892 1807 sapientiamque
921 1740 1070 1804 flexit,
1098 1755 1239 1790 nemo
1268 1741 1384 1791 risui
1411 1748 1713 1807 temperare,
1742 1754 1904 1803 quam·

224 1826 363 1876 quam
402 1813 557 1861 oratio
599 1826 625 1861 a
654 1812 842 1860 Seneca
884 1812 1152 1876 composita
1185 1810 1381 1861 multum
1427 1812 1581 1861 cultus
1616 1809 1904 1876 praeferret,

222 1889 271 1930 ut
307 1880 396 1930 fuit
431 1881 501 1930 illi
535 1883 642 1930 viro
683 1882 928 1944 ingenium
955 1894 1207 1930 amoenum
1246 1889 1292 1931 et
1318 1882 1556 1946 temporis
1583 1881 1687 1931 eius
1712 1879 1904 1931 auribus

222 1951 654 2000 adcommodatum.
702 1950 994 2000 adnotabant
1022 1951 1271 2014 senioreS‚
1299 1951 1470 2016 quibus
1494 1950 1701 2001 otiosum
1726 1957 1800 2000 est
1821 1965 1904 1999 ve-

165 2040 205 2073 10
223 2029 324 2071 tera
351 2028 399 2070 et
421 2022 697 2085 praesentia
725 2020 1046 2085 contendere,
1075 2022 1276 2084 primum
1305 2037 1366 2071 ex
1392 2023 1449 2070 iis
1476 2022 1555 2086 qui
1580 2034 1739 2070 rerum
1764 2019 1905 2085 potiti

225 2098 389 2141 essent
408 2090 654 2141 Neronem
681 2090 867 2140 alienae
893 2090 1147 2140 facundiae
1175 2091 1388 2153 eguisse.
1427 2106 1535 2139 nam
1556 2090 1761 2140 dictator
1782 2087 1903 2139 Cae-
1958 2147 1962 2151 Δ

224 2176 303 2210 sar
331 2163 522 2210 summis
549 2160 824 2211 oratoribus
854 2160 1095 2217 aemulus;
1126 2167 1175 2208 et
1203 2159 1426 2224 Augusto
1455 2167 1677 2225 prompta
1705 2174 1763 2208 ac
1790 2172 1901 2224 pro-

223 2231 376 2279 fluens
412 2246 634 2295 quaeque
671 2230 871 2280 dece-ret
909 2230 1178 2295 principem
1213 2229 1488 2295 eloquentia
1514 2229 1617 2279 fuit.
1679 2228 1902 2278 Tiberius

223 2307 373 2348 artem
411 2315 604 2365 quoque
641 2300 872 2362 callebat,
912 2315 1002 2363 qua
1041 2298 1192 2349 verba
1229 2300 1558 2363 expenderet,
1593 2307 1688 2348 tum
1716 2297 1903 2348 validus

169 2383 207 2416 15
226 2369 446 2418 sensibus
477 2377 557 2418 aut
587 2369 808 2418 consulto
838 2369 1107 2432 ambiguus.
1175 2370 1317 2417 etiam
1345 2369 1430 2419 Gai
1462 2368 1686 2418 Caesaris
1711 2366 1900 2417 turbata

223 2454 358 2488 mens
385 2440 479 2487 vim
505 2438 695 2489 dicendi
720 2453 816 2487 non
843 2440 1076 2502 corrupit.
1127 2453 1218 2486 nec
1238 2439 1284 2486 in
1308 2437 1528 2501 Claudio,
1556 2439 1776 2503 quotiens
1801 2451 1898 2485 me·

225 2509 370 2558 ditata
397 2509 684 2571 dissereret,
713 2508 1003 2571 elegantiam
1021 2509 1316 2571 requireres.
1361 2507 1494 2557 Nero
1517 2507 1779 2573 puerilibus
1804 2514 1896 2556 sta·
1974 2564 1976 2574 ἑ

222 2579 304 2627 tim
330 2580 463 2628 annis
489 2578 698 2628 vividum
725 2580 927 2627 animum
956 2580 1003 2626 in
1035 2577 1127 2626 alia
1157 2577 1384 2628 detorsit:
1428 2577 1646 2640 caelare,
1675 2576 1896 2641 pingere,

226 2656 392 2698 cantus
421 2656 499 2698 aut
527 2649 746 2712 regimen
773 2662 1006 2713 equorum
1033 2662 1295 2705 exercere:
1326 2655 1374 2697 et
1397 2646 1651 2712 aliquando
1681 2646 1896 2694 carmini-

165 2729 206 2762 20
224 2717 314 2767 bus
341 2718 613 2782 pangendis
643 2720 804 2766 inesse
837 2717 925 2766 sibi
952 2717 1191 2767 elementa
1222 2716 1472 2767 doctrinae
1498 2713 1800 2766 ostendebat.

327 2789 377 2837 4.
421 2787 647 2837 Ceterum
679 2789 890 2852 peractis
915 2788 1137 2836 tristitiae
1171 2787 1473 2836 imitamentis
1504 2785 1680 2834 curiam
1706 2785 1895 2846 ingres·
1968 2792 1970 2795 ’

225 2871 305 2904 sus
342 2865 391 2905 et
430 2857 490 2906 de
520 2858 802 2907 auctoritate
839 2864 1024 2922 patrum
1055 2864 1103 2905 et
1135 2871 1373 2906 consensu
1402 2854 1598 2903 militurn
1625 2854 1891 2918 praefatus,

227 2925 426 2975 consilia
456 2927 544 2975 sibi
572 2935 620 2976 et
645 2926 869 2991 exempla
899 2926 1186 2990 capessendi
1212 2926 1416 2988 egregie
1442 2925 1629 2989 imperii
1657 2937 1891 2972 memora-
