1976 3224
538 217 712 253 Lrssmz
750 216 847 254 xv.
889 216 1014 253 CAP:
1044 215 1208 258 1-6,
1607 207 1709 258 285

34 390 39 400 ,
147 347 196 396 4.
233 346 305 395 Ea
337 345 442 394 dum
477 359 503 392 a
544 343 822 393 Corbulone
861 343 1065 392 tuendae
1101 344 1269 402 Suriae
1307 351 1559 408 parantur,
1601 352 1711 394 acto

37 419 213 482 raptim
239 417 427 479 agmine
452 414 709 475 MoneseS,
737 421 785 462 ut
814 415 986 462 famam
1012 416 1083 462 sui
1110 416 1344 478 praeiret,
1373 428 1470 462 non
1497 413 1606 463 ideo
1630 430 1711 463 ne-

42 489 193 536 scium
229 494 308 534 aut
354 488 587 534 incautum
625 484 868 546 Tigranen
904 483 1117 532 offendit.
1181 491 1509 548 occupaverat
1545 483 1711 548 Tigra-

41 563 317 618 nocertam,
357 554 521 603 urbem
550 554 691 617 copia
717 553 1024 602 defensorum
1053 561 1099 602 et
1122 554 1445 616 magnitudine
1472 556 1712 603 moenium

41 626 260 675 validam.
309 625 368 675 ad
390 625 482 674 hoc
505 623 825 687 Nicephorius
849 625 996 672 amnis
1018 623 1141 672 haud
1166 624 1438 688 spernenda
1464 621 1709 672 latitudine
1731 644 1751 675 5

44 703 227 761 partem
252 710 489 744 murorum
514 693 656 743 ambit
683 700 730 741 et
755 693 895 742 ducta
926 694 1098 756 ingens
1133 694 1293 756 fossa,
1329 709 1420 757 qua
1448 694 1594 743 ssuvio
1625 694 1710 743 dif-

42 765 291 814 fidebatur.
335 767 616 828 inerantque
641 763 814 811 milites
842 771 901 820 ει,
916 764 1099 828 provisi
1127 771 1236 813 ante
1259 771 1566 827 commeatuS‚
1595 778 1709 829 quo-

40 851 143 883 rum
167 835 403 884 subvectu
430 835 569 899 pauci
607 833 791 882 avidius
827 835 1079 897 progressi
1110 841 1156 882 et
1192 835 1455 898 repentinis
1491 834 1711 883 hostibus

42 906 351 954 circumventi
384 906 453 952 ira
486 904 640 967 magis
679 917 817 967 quam
847 911 975 952 metu
1005 911 1199 952 ceteros
1235 904 1572 953 accenderant.
1625 904 1712 953 sed

40 975 216 1024 Partho
243 975 301 1024 ad
337 973 671 1038 exsequendas
707 972 989 1022 obsidiones
1023 973 1152 1022 nulla
1193 975 1455 1022 comminus
1482 973 1706 1023 audacia:
1733 991 1770 1022 ω

40 1045 162 1094 raris
209 1046 397 1108 sagittis
441 1059 598 1107 neque
653 1043 846 1093 clausos
890 1050 1104 1093 exterret
1153 1051 1200 1092 et
1243 1052 1396 1092 semet
1439 1044 1708 1092 frustratur.

39 1114 278 1164 Adiabeni
307 1129 412 1163 cum
439 1127 729 1179 promovere
755 1114 913 1162 scalas
941 1121 988 1162 et
1023 1113 1399 1163 machinamenta
1423 1115 1711 1179 inciperent,

40 1185 185 1234 facile
211 1183 415 1246 detrusi,
446 1197 559 1232 mox
589 1183 947 1247 erumpentibus
973 1184 1149 1232 nostris
1179 1183 1455 1232 caeduntur.

147 1255 194 1302 5.
232 1252 445 1302 Corbulo
475 1261 657 1315 tamen,
699 1254 914 1316 quamvis
941 1253 1167 1302 secundis
1202 1253 1348 1301 rebus
1380 1255 1507 1316 suis,
1549 1253 1710 1302 mode-

41 1324 238 1373 randum
264 1324 485 1372 fortunae
514 1330 642 1371 ratus
673 1324 798 1387 misit
835 1322 892 1372 ad
917 1322 1203 1386 Vologesen
1233 1324 1312 1388 qui
1343 1323 1711 1388 expostularent

40 1396 136 1442 vim
168 1395 450 1458 provinciae
477 1393 693 1442 inlatam:
723 1395 906 1441 socium
932 1395 1230 1458 amicumque
1258 1393 1711 1456 regem,.cohortes

39 1465 280 1513 Romanas
309 1462 649 1512 circumsideri.
710 1464 951 1512 omitteret
986 1465 1144 1528 potius
1180 1462 1509 1526 obsidionem,
1548 1470 1627 1512 aut
1657 1478 1711 1512 se

42 1548 234 1599 quoque
263 1534 309 1581 in
337 1547 457 1596 agro
485 1532 647 1581 hostili
676 1541 833 1582 castra
859 1534 1136 1598 positurum.
1194 1531 1458 1598 Casperius
1492 1534 1708 1583 centurio
1731 1548 1751 1580 5

39 1605 88 1652 in
116 1618 220 1653 eam
246 1602 535 1665 legationem
563 1602 780 1651 delectus
806 1603 931 1667 apud
958 1603 1185 1668 oppidum
1205 1602 1422 1666 Nisibin,
1449 1610 1637 1669 septem
1665 1611 1713 1652 et

38 1673 233 1737 triginta
254 1671 442 1721 milibus
464 1687 687 1737 passuum
708 1688 734 1722 a
750 1672 1099 1736 Tigranocerta
1121 1673 1390 1734 distantem,
1410 1673 1523 1722 adiit
1543 1687 1712 1736 regem

42 1751 89 1792 et
108 1743 323 1792 mandata
352 1742 584 1791 ferociter
611 1742 771 1792 edidit.
810 1743 1050 1806 Vologesi
1071 1751 1212 1792 vetus
1237 1750 1284 1792 et
1305 1745 1493 1807 penitus
1520 1743 1712 1792 infixum

42 1820 145 1862 erat
172 1827 299 1861 arma
324 1812 538 1862 Romana
567 1812 771 1875 vitandi,
798 1827 890 1861 nec
916 1815 1190 1877 praesentia
1218 1827 1456 1878 prospere
1484 1812 1710 1862 fluebant.

41 1883 229 1931 inritum
247 1880 515 1944 obsidium,
549 1889 674 1931 tutus
709 1897 848 1932 manu
875 1890 923 1931 et
960 1884 1115 1947 copiis
1142 1882 1405 1945 Tigranes„
1449 1883 1599 1945 fugati
1631 1884 1711 1947 qui
1732 1898 1770 1931 ιο

41 1952 447 2017 expugnationem
473 1958 799 2014 sumpserant,
825 1953 1000 2000 missae
1026 1953 1072 1999 in
1094 1952 1369 2000 Armeniam
1395 1952 1635 2015 legiones,
1664 1959 1714 2001 et

40 2021 164 2070 aliae
193 2035 282 2085 pro
309 2021 443 2069 Suria
472 2028 668 2085 paratae
691 2021 817 2069 ultro
844 2022 1139 2086 inrumpere;
1168 2021 1257 2069 sibi
1282 2021 1558 2070 inbecillum
1580 2023 1711 2086 equi-

40 2100 135 2141 tem
154 2089 315 2156 pabuli
342 2092 531 2154 inopia:
563 2106 667 2139 nam
689 2099 856 2140 exorta
877 2093 949 2140 vis
968 2092 1262 2140 locustarum
1281 2090 1560 2140 ambederat
1580 2091 1711 2156 quid-

41 2160 150 2225 quid
175 2159 421 2209 herbidum
452 2167 529 2208 aut
562 2160 861 2209 frondosum.
924 2162 1068 2224 igitur
1097 2168 1224 2209 metu
1262 2160 1486 2210 abstruso
1524 2161 1713 2210 mitiora

40 2229 333 2293 obtenden8‚
359 2231 608 2278 missurum
631 2230 689 2279 ad
710 2231 1049 2295 imperatorem
1066 2231 1329 2280 Romanum
1348 2230 1539 2294 legatos
1561 2245 1710 2295 super
1731 2241 1770 2275 15

41 2300 249 2364 petenda
269 2299 496 2349 Armenia
517 2307 563 2348 et
590 2300 815 2349 firmanda
841 2315 962 2365 pace
988 2301 1270 2366 respondet.
1314 2300 1549 2350 Monesen
1577 2302 1710 2350 omit·

38 2377 144 2419 tere
172 2369 567 2431 Tigranocertam
594 2370 751 2432 iubet,
781 2373 889 2434 ipse
914 2377 1045 2419 retro
1079 2369 1321 2420 concedit.

147 2439 194 2488 6.
232 2438 364 2488 Haec
407 2439 570 2504 plures
608 2448 655 2487 ut
694 2439 948 2488 formidine
988 2442 1119 2503 regis
1160 2448 1208 2488 et
1243 2438 1534 2488 Corbulonis
1575 2440 1712 2488 minis

43 2516 228 2575 patrata
254 2523 309 2557 ac
333 2510 585 2571 magnifica
611 2509 933 2558 extollebant:
965 2510 1043 2558 alii
1070 2509 1260 2558 occulte
1289 2510 1540 2573 pepigisse
1566 2509 1710 2557 inter-

42 2578 379 2643 pretabantur,
420 2586 468 2627 ut
503 2580 682 2627 omisso
719 2582 952 2643 utrimque
975 2579 1107 2627 bello
1139 2587 1186 2628 et
1222 2578 1429 2628 abeunte
1455 2578 1714 2641 Vologese

42 2648 278 2712 Tigranes
317 2663 509 2712 quoque
537 2648 763 2697 Armenia
806 2648 1112 2698 abscederet.
1168 2663 1253 2696 cur
1292 2648 1417 2696 enim
1446 2649 1713 2697 exercitum

41 2717 304 2767 Romanum
330 2735 356 2767 a
389 2718 751 2781 Tigranocertis
778 2717 1071 2767 deductum?
1110 2734 1195 2768 cur
1233 2717 1427 2766 deserta
1454 2732 1543 2783 per
1569 2709 1714 2767 otium
1733 2735 1753 2767 5

46 2802 167 2851 quae
193 2787 324 2837 bello
362 2786 712 2837 defenderant?
755 2803 814 2836 an
848 2789 1017 2837 melius
1048 2788 1381 2837 hibernavisse
1417 2788 1464 2836 in
1499 2795 1713 2838 extrema

47 2853 385 2920 Cappadocia,
441 2861 610 2921 raptim
648 2859 824 2918 erectis
860 2859 1084 2922 tuguriiS,
1133 2873 1273 2923 quam
1319 2858 1366 2904 in
1412 2857 1529 2906 sede
1573 2859 1711 2921 regni

45 2925 185 2974 modo
226 2925 434 2976 retenti?
480 2928 624 2977 dilata
662 2941 862 2992 prorsus
903 2943 1056 2992 arma,
1097 2935 1145 2976 ut
1176 2928 1459 2990 Vologeses
1484 2943 1588 2976 cum
1615 2928 1710 2977 alio
