2008 3230
1135 131 1170 156 ἂν

670 161 783 224 Lm.
807 187 842 223 1.
874 186 997 225 OAP-
1020 154 1220 228 50-55
1482 185 1488 189 ·
1734 177 1800 225 27

140 326 226 361 cur
253 310 469 362 Rhodum
498 313 802 362 abscederet.
857 314 1103 378 imperium
1141 313 1343 377 adeptus
1373 318 1642 375 extorrem,
1683 314 1800 362 infa-

141 397 262 430 mem
290 389 468 446 etpost
493 382 794 432 interfectum
814 386 1079 431 Postumum
1102 381 1364 446 Agrippam
1386 382 1535 430 omnis
1557 383 1664 447 spei
1686 397 1799 445 ege·

139 465 245 498 nam
271 451 433 515 inopia
458 466 515 500 ac
541 451 651 500 tabe
676 452 820 515 longa
847 453 1070 517 peremit,
1097 451 1349 500 obscuram
1376 449 1483 499 fore
1508 466 1676 501 necem
1698 452 1798 501 lon-

137 521 404 583 ginquitate
440 521 570 569 exilii
605 529 750 569 ratus.
807 536 894 585 par
931 535 1075 570 causa
1112 521 1346 569 saevitiae
1378 522 1425 568 in
1468 520 1800 586 Sempronium

141 588 425 651 Gracchum,
455 591 533 653 qui
559 590 735 639 familia
761 590 929 652 nobili,
964 590 1141 639 sollers
1167 590 1360 653 ingenio
1387 597 1435 637 et
1462 605 1611 654 prave
1636 591 1797 639 facun-
1822 615 1857 646 10

139 657 484 723 dus‚·eandem
514 658 679 707 Iuliam
716 661 762 707 in
798 659 1093 708 matrimonio
1121 657 1273 706 Marci
1309 658 1559 723 Agrippae
1595 667 1798 708 temera·

140 797 435 845 contumacia
467 804 516 844 et
543 797 664 845 odiis
694 799 739 845 in
768 798 982 846 maritum
1016 796 1338 853 accendebat;
1376 797 1643 861 literaeque
1683 812 1801 861 quas

137 863 254 913 Iulia
283 867 407 929 patri
432 865 652 928 Augusto
681 881 784 914 cum
812 867 1129 914 insectatione
1161 865 1340 913 Tiberii
1369 867 1565 929 scripsit
1600 881 1625 914 a
1654 866 1799 915 Grac-

139 934 229 982 cho
260 935 558 998 compositae
587 936 922 984 credebantur.
976 936 1117 998 igitur
1143 941 1328 984 amotus
1350 932 1620 997 Cercinam,
1650 935 1802 984 Africi
1820 955 1859 988 15

136 1005 279 1052 maris
303 1004 534 1066 insulam,
573 1005 952 1067 quattuordecim
990 1004 1123 1053 annis
1163 1003 1356 1052 exilium
1395 1003 1635 1052 toleravit.
1689 1011 1801 1052 tunc

135 1072 310 1121 milites
338 1073 397 1122 ad
426 1073 626 1122 caedem
652 1075 782 1122 missi
810 1075 1038 1122 invenere
1067 1075 1113 1121 in
1139 1074 1424 1137 prominenti
1465 1073 1647 1135 litoriS,
1685 1073 1801 1121 nihil

136 1141 310 1190 laetum
337 1143 687 1206 opperientem.
749 1158 946 1207 quorum
973 1143 1177 1190 adventu
1206 1142 1357 1190 breve
1386 1149 1573 1206 tempus
1612 1143 1798 1206 petivit,
1884 1164 1890 1171 ·

136 1218 187 1258 ut
215 1225 437 1275 suprema
473 1211 692 1260 mandata
729 1213 865 1260 uxori
895 1212 1126 1260 Alliariae
1163 1227 1251 1275 per
1286 1212 1451 1259 literas
1491 1211 1654 1276 daret,
1694 1227 1798 1260 cer·

135 1280 388 1343 vicemque
413 1280 784 1344 percussoribus
820 1280 1016 1345 obtulit,
1063 1281 1327 1329 constantia
1366 1281 1531 1328 mortis
1568 1279 1693 1329 haud
1732 1282 1797 1328 in·
1816 1295 1859 1328 20
1927 1312 1929 1314 -

137 1347 306 1411 dignus
336 1350 621 1413 Sempronio
651 1352 866 1398 nomine:
906 1351 1001 1398 vita
1033 1350 1430 1413 degeneraverat.
1483 1349 1670 1412 quidam
1706 1365 1802 1397 non

136 1418 286 1466 Roma
315 1432 402 1466 eos
427 1418 619 1480 milites,
649 1419 737 1468 sed
764 1419 822 1467 ab
850 1419 900 1467 L.
935 1419 1207 1483 Asprenate
1246 1433 1334 1482 pro
1367 1419 1566 1467 consule
1602 1418 1802 1467 Africae

135 1487 308 1534 missos
338 1487 578 1536 tradidere
607 1496 804 1537 auctore
832 1488 1043 1550 Tiberi0,
1075 1490 1154 1552 qui
1181 1488 1350 1536 famam
1380 1488 1543 1536 caedis
1571 1502 1719 1552 posse
1755 1488 1802 1536 in

136 1555 455 1619 Asprenatem
485 1558 610 1604 verti
635 1558 811 1606 frustra
841 1565 1138 1622 speraverat.
1168 1598 1170 1600 .
1450 1566 1452 1569 ⁴

240 1625 322 1674 54.
361 1624 492 1673 Idem
519 1641 667 1675 annus
699 1641 850 1676 novas
883 1626 1198 1676 caerimonias
1237 1627 1426 1689 accepit
1461 1626 1621 1674 addito
1659 1626 1797 1674 soda-

136 1690 244 1742 lium
272 1693 602 1756 Augustalium
633 1697 939 1758 sacerdotio,
979 1703 1030 1744 ut
1064 1695 1301 1760 quondam
1327 1695 1461 1743 Titus
1488 1694 1651 1743 Tatius
1685 1695 1798 1742 reti-

134 1763 303 1811 nendis
347 1762 630 1812 Sabinorum
674 1766 826 1814 sacris
877 1764 1070 1813 sodales
1123 1764 1274 1812 Titios
1320 1765 1604 1812 instituerat.
1666 1770 1797 1811 sorte

136 1832 264 1880 ducti
292 1847 318 1880 e
343 1832 629 1894 primoribus
657 1835 860 1883 civitatis
892 1849 1010 1882 unus
1039 1841 1086 1882 et
1113 1834 1305 1896 viginti:
1343 1832 1566 1881 Tiberius
1590 1832 1797 1881 Drusus-

137 1915 229 1964 que
259 1907 306 1948 et
338 1898 564 1950 Claudius
594 1910 640 1950 et
666 1902 973 1951 Germanicus
1003 1903 1283 1951 adiciuntur.
1333 1902 1473 1950 ludos
1502 1901 1798 1965 Augustales
1820 1918 1838 1949 5

135 1977 246 2017 tunc
271 1970 470 2033 primum
500 1978 703 2034 coeptos
730 1971 937 2020 turbavit
962 1971 1203 2020 discordia
1231 1986 1293 2019 ex
1319 1971 1577 2019 certamine
1607 1971 1797 2019 histrio-

135 2052 257 2085 num.
307 2038 568 2087 indulserat
591 2041 634 2087 ei
662 2040 848 2091 ludicro
876 2040 1145 2104 Augustus,
1183 2039 1587 2104 dum-Maecenati
1615 2038 1796 2087 obtem-

135 2114 273 2170 perat
298 2106 452 2155 effuso
487 2109 533 2156 in
562 2123 773 2158 amorem
799 2108 1030 2170 Bathylli;
1072 2123 1230 2172 neque
1267 2109 1372 2172 ipse
1401 2107 1695 2156 abhorrebat
1728 2115 1797 2156 ta-

134 2175 257 2224 libus
284 2176 466 2238 studiiS,
493 2184 541 2224 et
567 2179 708 2226 civile
728 2178 925 2227 rebatur
945 2179 1137 2226 misceri
1160 2176 1484 2241 voluptatibus
1504 2177 1652 2240 vulgi.
1705 2175 1797 2225 alia

136 2242 330 2293 Tiberio
362 2259 544 2293 morum
573 2248 673 2295 via:
703 2248 788 2295 sed
815 2247 1042 2312 populum
1067 2263 1157 2312 per
1182 2254 1252 2295 tot
1285 2261 1434 2295 annos
1475 2246 1685 2295 molliter
1714 2244 1795 2295 ha·
1816 2260 1855 2295 10

135 2313 280 2362 bitum
310 2314 515 2364 nondum
544 2315 749 2365 audebat
774 2317 832 2365 ad
858 2317 1050 2365 duriora
1076 2323 1286 2365 vertere.

240 2383 323 2431 55.
367 2382 526 2436 Druso
567 2383 779 2434 Caesare
826 2384 880 2434 C.
929 2385 1157 2436 Norbano
1203 2384 1478 2434 consulibus
1523 2384 1798 2434 decernitur

137 2449 420 2500 Germanico
458 2453 724 2518 triumphus
760 2462 981 2503 manente
1027 2454 1188 2511 bello;
1248 2454 1377 2519 quod
1426 2468 1708 2518 quamquam
1750 2452 1798 2500 in

136 2527 370 2568 aestatem
414 2537 590 2571 summa
628 2537 725 2587 ope
762 2523 992 2588 parabat,
1041 2525 1172 2572 initio
1207 2525 1336 2572 veris
1375 2531 1423 2571 et
1460 2523 1713 2587 repentino
1750 2521 1797 2568 in

137 2585 336 2638 Chattos
375 2605 580 2639 excursu
617 2594 884 2656 praecepit.
947 2607 1051 2640 nam
1089 2607 1203 2656 spes
1253 2594 1522 2640 incesserat
1558 2590 1795 2639 dissidere

136 2655 324 2706 hostem
362 2660 409 2706 in
437 2659 694 2708 Arminium
731 2676 787 2709 ac
814 2661 1096 2723 Segestem,
1135 2661 1370 2722 insignem
1405 2667 1656 2724 utrumque
1685 2674 1793 2724 per·
1813 2682 1833 2713 5

137 2724 246 2774 fidia
274 2728 319 2775 in
345 2742 432 2776 nos
466 2735 544 2776 aut
572 2729 679 2777 fide.
731 2729 969 2777 Arminius
990 2729 1206 2777 turbator
1232 2727 1530 2789 Germaniae,
1559 2730 1794 2792 Segestes

138 2797 295 2857 parari
331 2796 649 2846 rebellionem
687 2813 837 2862 saepe
878 2798 995 2846 alias
1035 2805 1081 2845 et
1115 2812 1340 2860 supremo
1388 2797 1637 2859 convivio,
1683 2805 1795 2862 post

139 2864 267 2926 quod
292 2863 338 2912 in
363 2879 489 2915 arma
517 2866 643 2931 itum,
671 2866 854 2931 aperuit
881 2867 1126 2931 suasitque
1150 2865 1280 2914 Varo
1309 2874 1359 2915 ut
1384 2881 1438 2914 se
1468 2873 1515 2915 et
1535 2865 1793 2915 Arminium
