1976 3224
572 192 746 229 meme
773 191 886 227 xlv.
918 190 1042 228 cAP.
1071 186 1268 231 14-20.
1651 173 1747 223 261

91 324 166 374 dia
196 325 449 372 irueretur.
503 336 596 369 nec
631 321 826 368 deerant
865 319 943 381 qui
984 332 1069 365 ore
1097 317 1324 381 vultuque
1361 317 1482 364 tristi
1520 316 1642 364 inter
1672 314 1754 363 ob-

94 396 377 443 lectamenta
403 391 539 453 regia
565 390 774 455 spectari
802 387 1050 452 cuperent.
1774 406 1815 438 10

203 465 279 510 17.
321 460 418 510 Sub
457 461 581 509 idem
608 468 794 522 tempus
830 457 926 505 levi
967 458 1094 504 initio
1133 463 1271 504 atrox
1299 455 1474 504 caedes
1503 462 1606 503 orta
1637 457 1759 502 inter

93 533 296 581 colonos
338 529 611 578 Nucerinos
652 529 1073 592 Pompeianosque
1122 524 1410 588 gladiatorio
1456 525 1757 589 spectacu10,

93 601 222 667 quod
244 601 484 650 Livineius
507 599 748 662 Regulus,
788 611 927 661 quem
953 603 1130 643 motum
1156 602 1324 643 senatu
1351 596 1538 658 rettuli,
1568 594 1759 643 edebat.

96 674 276 736 quippe
302 669 542 734 oppidana
571 669 771 717 lascivia
811 669 857 713 in
883 667 1036 714 vicem
1070 667 1373 714 incessentes
1411 665 1615 729 probra,
1651 664 1760 713 dein

95 755 238 802 saxa,
276 747 520 804 postremo
560 739 741 787 ferrum
771 751 1049 799 sumpsere,
1091 734 1330 784 validiore
1357 735 1797 799 Pompeianorum5

95 809 265 874 plebe,
293 808 417 874 apud
445 823 566 872 quos
593 806 920 871 spectaculum
944 805 1191 854 edebatur.
1242 819 1363 868 ergo
1391 804 1630 869 deportati
1656 811 1764 852 sunt

94 883 141 928 in
166 878 333 927 urbem
368 877 498 925 multi
530 892 556 924 e
579 876 834 925 Nucerinis
868 883 1038 924 trunco
1078 890 1167 939 per
1194 874 1394 923 vulnera
1429 889 1667 939 corpore,
1706 889 1764 922 ac

97 949 316 1013 plerique
346 947 609 995 liberorum
639 953 718 994 aut
742 952 989 1009 parentum
1017 951 1199 992 mortes
1225 943 1481 992 deflebant.
1537 946 1670 993 cuius
1695 946 1764 992 rei

97 1018 316 1069 iudicium
354 1018 583 1081 princeps
622 1017 831 1076 senatui,
872 1022 1067 1063 senatus
1106 1014 1384 1063 consulibus
1425 1016 1656 1077 permisit.
1719 1020 1766 1061 et

99 1103 261 1139 rursus
284 1102 339 1134 re
368 1086 427 1135 ad
458 1094 621 1150 patres
645 1085 823 1147 relata,
862 1085 1087 1148 prohibiti
1115 1083 1309 1148 publice
1336 1085 1383 1131 in
1415 1084 1584 1133 decem
1615 1097 1766 1133 annos
1784 1102 1822 1134 ιο

100 1159 203 1206 eius
236 1155 366 1204 modi
405 1163 548 1203 coetu
571 1155 876 1218 Pompeiani,
917 1154 1226 1217 collegiaque
1264 1169 1386 1217 quae
1423 1162 1590 1203 contra
1626 1154 1766 1217 leges

98 1226 397 1275 instituerant
426 1225 685 1280 dissoluta;
724 1223 965 1272 Livineius
1000 1231 1048 1271 et
1077 1225 1155 1286 qui
1181 1223 1260 1271 alii
1297 1223 1579 1272 seditionem
1609 1224 1766 1273 conci-

99 1303 267 1343 verant
293 1294 439 1342 exilio
467 1294 645 1348 multati
674 1301 796 1342 sunt.

214 1363 292 1414 18.
330 1363 487 1412 Motus
524 1372 690 1411 senatu
727 1370 774 1410 et
810 1363 985 1410 Pedius
1023 1362 1249 1425 Blaesus,
1297 1362 1635 1412 accusantibus
1674 1360 1769 1422 Cy-

99 1433 384 1482 renensibus
408 1433 635 1481 violatum
665 1432 722 1482 ab
750 1447 808 1480 eo
835 1432 1108 1481 thesaurum
1137 1433 1421 1496 Aesculapii
1448 1433 1769 1496 dilectumque

101 1504 352 1554 militarem
390 1503 546 1566 pretio
584 1509 632 1550 et
667 1501 923 1550 ambitione
960 1509 1253 1566 corruptum.
1308 1502 1433 1550 idem
1463 1501 1770 1563 Cyrenenses

100 1587 233 1622 reum
269 1571 478 1635 agebant
503 1571 711 1620 Acilium
736 1571 1050 1634 Strabonem,
1087 1573 1328 1636 praetoria
1365 1579 1607 1635 potestate
1638 1586 1770 1619 usum

102 1650 151 1691 et
171 1643 365 1690 missum
391 1641 765 1705 disceptatorem
792 1656 818 1689 a
840 1639 1040 1690 Claudio
1063 1651 1302 1707 agrorum,
1327 1656 1448 1706 quos
1467 1642 1600 1704 regis
1621 1641 1770 1705 Apio·
1792 1664 1810 1694 5

102 1713 176 1760 nis
211 1710 448 1774 quondam
482 1712 638 1759 avitos
673 1719 720 1758 et
755 1711 938 1774 populo
970 1711 1188 1759 Romano
1229 1726 1334 1759 cum
1372 1725 1526 1774 regno
1571 1710 1773 1759 relictos

105 1782 352 1844 proximus
390 1783 595 1844 quisque
633 1795 896 1843 possessor
930 1781 1230 1841 invaserant,
1272 1781 1542 1846 diutinaque
1581 1781 1774 1830 licentia

106 1858 153 1898 et
190 1850 354 1897 iniuria
386 1850 520 1912 quasi
558 1851 658 1896 iure
693 1858 738 1897 et
769 1863 925 1913 aequo
967 1849 1253 1898 nitebantur.
1313 1853 1458 1914 igitur
1493 1851 1774 1899 abiudicatis

105 1919 238 1982 agris
274 1926 376 1966 orta
416 1918 647 1966 adversus
681 1918 883 1967 iudicem
921 1919 1119 1975 invidia;
1167 1927 1214 1967 et
1248 1927 1442 1968 senatus
1478 1922 1644 1983 ignota
1685 1919 1774 1968 sibi

107 2003 219 2037 esse
251 1987 469 2036 mandata
508 1986 693 2036 Claudii
737 1996 784 2035 et
821 1988 1164 2036 consulendum
1203 1991 1467 2053 principem
1505 1990 1771 2053 respondit.
1794 2007 1817 2044 11

105 2057 239 2106 Nero
270 2056 474 2121 probata
503 2057 755 2105 Strabonis
783 2058 1043 2120 sententia,
1081 2074 1134 2106 se
1163 2058 1310 2107 nihilo
1340 2060 1491 2106 minus
1519 2059 1776 2107 subvenire

108 2128 256 2175 sociis
285 2134 332 2174 et
355 2134 577 2190 usurpata
607 2127 878 2175 concedere
905 2129 1174 2191 rescripsit.

216 2197 297 2245 19.
337 2197 610 2258 Sequuntur
648 2198 858 2244 virorum
896 2197 1159 2245 inlustrium
1194 2205 1400 2260 mortes,
1443 2197 1636 2247 Domitii
1671 2199 1775 2247 Afri

110 2274 156 2314 et
179 2265 242 2314 M.
273 2265 496 2326 Servilii,
540 2267 619 2329 qui
648 2268 840 2314 summis
867 2265 1130 2315 honoribus
1163 2275 1210 2315 et
1238 2267 1382 2315 multa
1408 2267 1683 2331 eloquentia
1712 2271 1775 2315 vi-

108 2341 329 2398 guerant,
355 2333 436 2382 ille
462 2336 643 2384 orando
668 2350 854 2398 causaS,
882 2336 1116 2384 Servilius
1141 2336 1216 2384 diu
1243 2337 1368 2399 foi-0,
1395 2352 1508 2387 mox
1536 2338 1776 2386 tradendis

112 2403 258 2452 rebus
285 2401 512 2452 Romanis
540 2404 753 2453 celebris
791 2412 838 2452 et
876 2405 1115 2467 elegantia
1148 2407 1300 2469 vitae,
1345 2422 1482 2470 quam
1523 2407 1775 2455 clariorem

111 2473 301 2534 effecit,
327 2480 377 2520 ut
407 2488 494 2536 par
519 2475 743 2536 ingeni0,
772 2475 834 2522 ita
859 2489 1040 2523 morum
1067 2475 1301 2524 diversus.
1794 2490 1814 2521 ⁵

217 2541 300 2592 20.
336 2540 534 2591 Nerone
556 2551 771 2607 quartum
794 2542 1021 2592 Cornelio
1041 2543 1198 2593 Cosso
1223 2546 1498 2594 consulibus
1518 2547 1777 2610 quinquen-

113 2611 221 2659 nale
257 2610 487 2659 ludicrum
514 2612 695 2660 Romae
735 2614 990 2660 institutum
1030 2620 1102 2661 est
1133 2614 1190 2662 ad
1217 2629 1396 2662 morem
1425 2615 1596 2664 Graeci
1625 2623 1776 2663 certa-

114 2681 277 2743 minis,
316 2684 446 2729 varia
484 2682 635 2742 fama,
678 2690 726 2729 ut
753 2691 921 2730 cuncta
950 2682 1100 2730 ferme
1129 2697 1269 2731 nova.
1329 2686 1510 2748 quippe
1539 2692 1673 2733 erant
1700 2686 1777 2748 qui

116 2749 326 2799 Gnaeum
364 2765 555 2814 quoque
595 2751 874 2814 Pompeium
908 2753 1168 2799 incusatum
1205 2767 1229 2800 a
1272 2753 1539 2801 senioribus
1576 2755 1775 2813 ferrent,

117 2819 242 2881 quod
269 2835 534 2868 mansuram
554 2820 724 2868 theatri
752 2820 913 2868 sedem
941 2823 1199 2884 posuisset.
1253 2837 1355 2870 nam
1379 2830 1515 2872 antea
1541 2823 1776 2872 subitariis
1797 2839 1815 2869 5

117 2888 343 2948 gradibus
387 2897 434 2937 et
467 2904 642 2938 scaena
685 2890 728 2936 in
756 2897 942 2953 tempus
972 2898 1148 2939 structa
1183 2891 1324 2939 ludos
1355 2892 1431 2958 edi
1462 2892 1660 2957 solit05,
1698 2892 1774 2941 vel
