1976 3224
0 2962 2 2998 l

0 3046 5 3152 Ξ

2 3157 6 3224 ε

612 184 724 222 Lm.
752 185 875 222 xm.
906 183 1031 223 CAP.
1059 181 1259 227 34—38.
1664 171 1763 223 241

106 314 348 379 pitumque
377 312 599 360 Paccium
620 320 666 360 et
692 313 970 376 praefectos
995 313 1263 377 militesque
1286 311 1483 360 tendere
1509 317 1645 359 extra
1671 311 1768 359 val-

19 395 23 403 *
105 382 200 432 lum
230 383 386 438 iussit;
413 382 557 446 inque
583 396 640 429 ea
671 382 954 443 contumelia
982 382 1161 431 detenti
1186 396 1278 430 nec
1305 382 1395 430 nisi
1423 379 1647 447 precibus
1674 381 1770 428 uni-

105 452 235 501 versi
261 452 504 507 exercitus
531 451 740 499 exsoluti
766 460 890 501 sunt.

207 521 291 572 37.
326 520 391 568 At
421 519 654 569 Tiridates
685 535 833 585 super
869 523 1092 586 proprias
1130 520 1383 570 clientelas
1413 534 1507 585 ope
1533 519 1773 582 Vologesi

105 591 266 640 fratris
308 590 518 652 adiutus,
565 604 658 638 non
705 590 862 639 furtim
903 592 995 640 iam
1033 591 1120 640 sed
1161 590 1315 656 palam
1351 589 1482 639 bello
1529 589 1772 638 infensare

106 660 408 720 Armeniam,
431 674 668 724 quosque
698 660 819 709 lidos
856 660 997 710 nobis
1035 661 1254 724 rebatur,
1298 659 1614 724 depopulari,
1656 666 1703 707 et
1732 659 1772 708 si

108 729 283 795 copiae
319 736 484 777 contra
522 729 830 792 ducerentur,
870 730 1067 779 eludere
1103 731 1294 794 hucque
1329 737 1377 778 et
1415 728 1531 778 illuc
1566 728 1772 777 volitans

107 798 244 865 plura
282 798 404 847 fama
442 813 579 862 quam
615 814 776 863 pugna
814 808 1081 849 exterrere.
1130 802 1273 863 igitur
1299 797 1514 848 Corbulo
1555 800 1811 863 quaesitos

107 865 185 918 diu
212 867 402 932 proelio
439 867 614 918 frustra
653 868 842 917 habitus
877 877 925 918 et
955 870 1180 934 exemplo
1218 868 1425 918 hostium
1463 868 1774 917 circumferre

106 937 284 987 bellum
311 943 536 999 coactuS,
565 937 787 1002 dispertit
812 941 970 1002 vireS,
1010 947 1058 988 ut
1083 940 1232 1002 legati
1258 939 1590 1005 praefectique
1619 937 1773 986 diver-

109 1021 192 1058 sos
216 1007 357 1056 locos
385 1008 567 1071 pariter
590 1007 897 1065 invaderent;
938 1009 1076 1058 simul
1105 1023 1272 1072 regem
1299 1007 1589 1056 Antiochum
1613 1013 1775 1057 monet

107 1078 350 1143 proximas
386 1076 475 1125 sibi
514 1077 850 1141 praefecturas
883 1086 1069 1142 petere.
1130 1093 1236 1127 nam
1262 1077 1605 1126 Pharasmanes
1631 1079 1773 1125 inter·

63 1168 76 1177 ·
108 1147 239 1196 fecto
267 1145 366 1195 lilio
386 1146 665 1196 Radamisto
692 1150 826 1212 quasi
854 1148 1131 1213 proditore,
1160 1162 1254 1211 quo
1280 1146 1420 1195 fidem
1445 1148 1492 1195 in
1517 1161 1604 1195 nos
1632 1153 1773 1195 testa·
1794 1160 1834 1193 10

110 1223 264 1278 retur,
300 1223 440 1264 vetus
470 1215 701 1266 adversus
728 1217 985 1267 Armenios
1014 1218 1171 1266 odium
1198 1218 1464 1281 promptius
1493 1216 1773 1265 exercebat.

110 1294 319 1350 tuncque
351 1286 549 1350 primum
577 1286 740 1335 inlecti
764 1286 979 1349 Moschi,
1011 1302 1133 1350 gens
1161 1295 1269 1336 ante
1297 1286 1414 1335 alias
1443 1287 1578 1335 socia
1602 1286 1774 1336 Roma-

112 1355 206 1418 nis,
238 1355 344 1404 avia
363 1354 617 1404 Armeniae
644 1357 918 1405 incursavit.
975 1358 1035 1405 ita
1065 1356 1263 1405 consilia
1285 1355 1482 1404 Tiridati
1513 1356 1560 1403 in
1589 1363 1774 1404 contra·

110 1426 230 1474 rium
257 1424 533 1486 vertebant,
574 1425 883 1491 mittebatque
919 1433 1140 1475 oratores
1175 1427 1254 1491 qui
1283 1440 1369 1474 suo
1398 1424 1777 1488 Parthorumque

111 1495 299 1543 nomine
328 1493 719 1560 expostularent,
758 1511 841 1544 cur
872 1496 991 1545 datis
1021 1511 1175 1560 nuper
1198 1495 1446 1544 obsidibus
1476 1494 1834 1557 redintegra-15

113 1571 258 1628 taque
285 1565 510 1627 amicitia,
549 1579 671 1629 quae
698 1566 836 1614 novis
864 1580 1054 1630 quoque
1086 1565 1333 1614 beneficiis
1362 1565 1520 1613 locum
1551 1564 1775 1628 aperiret,

110 1641 279 1682 vetere
322 1633 578 1683 Armeniae
625 1637 943 1698 possessione
995 1635 1337 1700 depelleretur.
1413 1633 1524 1693 ideo
1569 1632 1776 1681 nondum

111 1705 265 1767 ipsum
303 1703 592 1767 Vologesen
638 1713 949 1767 commotum,
1004 1707 1110 1769 quia
1162 1718 1305 1753 causa
1353 1718 1493 1767 quam
1534 1703 1580 1751 vi
1629 1717 1778 1766 agere

112 1772 335 1821 mallent:
376 1775 447 1821 sin
474 1780 772 1838 perstaretur
799 1776 844 1823 in
871 1774 1032 1835 bello,
1078 1788 1171 1823 non
1209 1772 1381 1822 defore
1407 1772 1656 1821 Arsacidis
1684 1773 1775 1819 vir-

114 1849 259 1890 tutem
285 1841 617 1907 fortunamque
648 1845 842 1908 saepius
878 1846 969 1893 iam
998 1839 1136 1893 clade
1159 1844 1371 1892 Romana
1401 1849 1666 1907 expertam.
1700 1839 1778 1890 ad
1792 1855 1834 1887 20

117 1925 173 1959 ea
202 1909 443 1974 Corbulo,
472 1913 586 1960 satis
612 1921 863 1976 comperto
889 1913 1178 1976 Vologesen
1205 1912 1482 1961 defectione
1506 1911 1777 1972 Hyrcaniae

116 1980 328 2042 attineri,
368 1980 534 2028 suadet
574 1981 766 2030 Tiridati
804 1982 1030 2046 precibus
1067 1980 1326 2031 Gaesarem
1360 1981 1589 2043 adgredi:
1631 1994 1777 2043 posse

115 2049 184 2097 illi
210 2064 411 2113 regnum
447 2049 615 2099 stabile
656 2058 704 2100 et
742 2066 821 2099 res
858 2052 1130 2100 incruentas
1173 2051 1483 2113 contingere,
1525 2050 1565 2098 si
1605 2050 1778 2097 omissa

117 2134 204 2184 spe
233 2119 491 2183 longinqua
518 2128 563 2168 et
586 2136 695 2170 sera
718 2128 1020 2185 praesentem
1047 2121 1380 2184 potioremque
1408 2125 1708 2183 sequeretur.

221 2188 303 2238 38.
338 2189 567 2238 Placitum
600 2189 796 2252 dehinc,
839 2191 948 2255 quia
984 2187 1357 2239 commeantibus
1397 2189 1444 2236 in
1474 2189 1631 2237 vicem
1669 2202 1779 2236 nun·

116 2259 193 2306 tiis
221 2257 336 2305 nihil
365 2259 408 2306 in
437 2274 660 2307 summam
698 2260 834 2323 pacis
865 2259 1228 2325 proficiebatur‚
1267 2258 1527 2323 conloquio
1566 2259 1782 2322 ipsorum

118 2335 306 2391 tempus
338 2327 594 2393 locumque
636 2328 879 2377 destinari.
932 2329 1061 2378 mille
1102 2330 1310 2392 equitum
1350 2326 1636 2392 praesidium
1665 2327 1780 2376 Tiri·

120 2397 257 2445 dates
295 2396 464 2446 adfore
502 2398 593 2446 sibi
628 2397 841 2447 dicebat:
881 2406 1102 2463 quantum
1129 2397 1393 2447 Corbuloni
1432 2399 1662 2460 cuiusque
1695 2412 1782 2460 ge-

118 2467 249 2514 neris
279 2465 473 2515 militum
503 2467 781 2531 adsisteret,
816 2482 912 2517 non
939 2475 1173 2531 statuere,
1210 2467 1318 2516 dum
1344 2467 1514 2532 positis
1544 2467 1708 2514 loricis
1735 2472 1781 2513 et
1804 2478 1823 2510 5

119 2535 274 2599 galeis
296 2537 341 2583 in
362 2535 532 2585 faciem
552 2537 686 2600 pacis
707 2539 965 2586 veniretur.
1005 2539 1284 2601 cuicumque
1303 2536 1587 2596 mortalium,
1615 2534 1781 2583 nedum

119 2606 276 2653 veteri
302 2612 350 2652 et
379 2605 579 2670 provido
606 2605 741 2668 duci,
768 2605 1004 2656 barbarae
1032 2609 1234 2655 astutiae
1261 2606 1548 2669 patuissent:
1578 2604 1685 2652 ideo
1710 2619 1781 2652 ar-

121 2680 216 2722 tum
248 2673 355 2722 inde
396 2690 638 2723 numerum
678 2675 797 2724 liniri
835 2683 881 2724 et
920 2676 1029 2724 hinc
1063 2677 1294 2724 maiorem
1325 2674 1519 2736 offerri,
1557 2681 1603 2722 ut
1644 2673 1779 2723 dolus

124 2751 397 2807 pararetur:
447 2759 552 2793 nam
595 2745 740 2808 equiti
784 2747 1057 2807 sagittarum
1110 2760 1195 2792 usu
1250 2743 1467 2792 exercito
1511 2745 1549 2790 si
1593 2743 1781 2791 detecta

126 2826 332 2875 corpora
370 2814 706 2875 obicerentur,
747 2813 859 2861 nihil
894 2814 1187 2877 profuturam
1222 2812 1581 2867 multitudinem.
1643 2811 1782 2860 dissi-
1804 2825 1839 2856 ιο

125 2880 299 2929 mulato
330 2890 483 2932 tamen
524 2883 767 2931 intellectu
795 2885 974 2931 rectius
1010 2883 1067 2931 de
1098 2883 1153 2930 iis
1181 2897 1301 2947 quae
1331 2884 1375 2930 in
1403 2881 1642 2946 publicum
1672 2897 1780 2930 con-

197 2967 339 2997 TACITI
372 2970 485 3000 mas
522 2970 552 2999 1.
1456 2951 1515 2999 16
