1976 3224
592 204 764 242 mmm
791 204 907 242 XIV.
942 203 1066 242 CAP.
1095 203 1295 248 43-—49-
1674 195 1789 250 273'

48 382 52 391 ,
109 330 339 379 Africano
367 331 708 396 Trebellioque
729 332 936 382 Maximo
966 335 1058 382 acti
1083 342 1206 396 sunt,
1236 335 1436 384 aemulis
1462 337 1586 384 inter
1611 352 1665 384 se
1687 352 1775 401 per
1795 350 1817 382 5

106 399 402 450 nobilitatem
427 401 630 451 Volusio
659 408 804 465 atque
827 403 1087 452 Africano:
1118 403 1411 453 Trebellium
1439 405 1546 454 dum
1572 412 1776 470 uterque

106 471 418 534 dedignatur,
445 486 590 535 supra
613 471 786 520 tulere.

209 541 293 590 47.
328 540 402 589 Eo
441 555 564 590 anno
604 549 807 590 mortem
842 541 959 590 obiit
991 543 1239 591 Memmius
1274 544 1520 608 ReguluS‚
1570 548 1775 594 auctori-

105 619 201 660 tate
242 612 508 660 constantia
544 611 694 673 fama,
733 613 780 659 in
817 619 1040 676 quantum
1075 613 1445 677 praeumbrante
1470 615 1776 679 imperatoris

105 681 301 743 fastigio
330 681 481 744 datur,
510 681 682 744 claruS,
709 680 830 730 adeo
859 689 906 730 ut
930 681 1062 731 Nero
1091 697 1241 746 aeger
1266 683 1559 748 valetudine,
1591 692 1638 733 et
1664 685 1775 735 adu·
1810 740 1814 745 ,

103 749 309 800 lantibus
347 752 526 799 circum
564 752 641 814 qui
680 752 820 799 finem
859 752 1060 816 imperio
1098 752 1272 801 adesse
1302 753 1552 817 dicebant,
1590 755 1629 803 si
1663 754 1777 819 quid

41 863 43 865 .
103 821 202 870 fato
231 827 502 886 pateretur,
545 821 853 884 responderit
878 821 1060 871 habere
1099 822 1360 871 subsidium
1385 839 1487 873 rem
1513 823 1772 888 publicam.
1797 836 1814 868 ⁵

102 890 384 953 rogantibus
421 890 595 939 dehinc
629 892 676 939 in
702 906 795 955 quo
830 893 1157 956 potissimum,
1194 893 1441 943 addiderat
1478 895 1526 942 in
1549 894 1773 943 Memmio
1873 901 1877 904 ’

101 959 308 1022 Regulo.
368 961 485 1008 vixit
520 967 677 1009 tamen
713 961 971 1025 posthaec
995 962 1242 1024 ReguluS,
1284 964 1443 1027 quiete
1469 963 1698 1014 defensus
1727 972 1775 1013 et

103 1031 211 1094 quia
247 1044 371 1078 nova
405 1032 601 1093 generis
641 1030 922 1080 claritudine
956 1047 1114 1096 neque
1150 1032 1400 1081 invidiosis
1436 1033 1610 1098 opibus
1652 1041 1772 1083 erat.

101 1100 398 1163 gymnasium
423 1114 483 1148 eo
514 1115 636 1148 anno
661 1100 929 1150 dedicatum
954 1117 980 1150 a
1000 1101 1197 1151 Nerone
1226 1102 1589 1168 praebitumque
1614 1104 1774 1153 oleum

102 1171 247 1233 equiti
275 1185 331 1218 ac
358 1172 541 1218 senatui
572 1170 758 1220 Graeca
781 1171 1031 1220 facilitate.
1791 1180 1831 1213 10

207 1237 293 1288 48.
338 1239 387 1288 P.
431 1239 582 1289 Mario
628 1240 678 1288 L.
723 1240 894 1289 Asinio
944 1240 1223 1290 consulibus
1272 1242 1507 1291 Antistius
1552 1251 1769 1307 praetor,

102 1323 241 1373 quem
266 1310 313 1356 in
339 1309 575 1360 tribunatu
602 1309 759 1374 plebis
789 1311 993 1360 licenter
1022 1311 1187 1374 egisse
1213 1314 1498 1375 memoravi,
1531 1313 1772 1377 probrosa

101 1379 333 1427 adversus
377 1381 643 1445 principem
689 1382 897 1429 carmina
945 1380 1180 1430 factitavit
1226 1382 1541 1446 vulgavitque
1586 1382 1772 1431 celebri

103 1448 353 1510 convivio,
393 1449 499 1498 dum
533 1449 658 1514 apud
692 1449 933 1498 Ostorium
971 1451 1228 1515 Scapulam
1265 1452 1501 1516 epulatur.
1577 1454 1704 1501 exim
1744 1467 1770 1501 a

102 1517 388 1568 Cossutiano
427 1517 691 1583 Capitone,
726 1521 805 1585 qui
840 1535 993 1585 nuper
1028 1523 1320 1570 senatorium
1359 1521 1574 1570 ordinem
1612 1522 1767 1587 preci-
1792 1533 1812 1563 5

100 1589 190 1637 bus
210 1586 434 1650 Tigellini
461 1590 621 1638 soceri
648 1590 718 1638 sui
739 1597 1024 1654 receperat,
1052 1592 1313 1640 maiestatis
1340 1591 1526 1640 delatus
1550 1598 1638 1640 est.
1676 1598 1772 1641 tum

101 1658 299 1722 primum
333 1666 562 1708 revocata
603 1674 659 1708 ea
696 1658 802 1723 lex,
849 1659 1233 1724 credebaturque
1269 1660 1392 1710 haud
1430 1661 1630 1725 perinde
1671 1663 1770 1709 exi-

97 1728 211 1776 tium
234 1727 442 1777 Antistio
474 1744 613 1793 quam
638 1730 918 1794 imperatori
946 1730 1154 1792 gloriam
1183 1731 1378 1796 quaeri,
1405 1738 1455 1779 ut
1484 1730 1770 1785 condemna-

99 1805 175 1846 tus
213 1811 240 1845 a
277 1805 443 1846 senatu
479 1800 832 1848 intercessione
869 1799 1120 1848 tribunicia
1165 1802 1303 1849 morti
1342 1801 1649 1850 eximeretur.
1723 1806 1771 1849 et

102 1881 206 1915 cum
230 1864 451 1924 Ostorius
489 1868 604 1916 nihil
632 1868 872 1917 audivisse
899 1884 988 1934 pro
1025 1870 1298 1918 testimonio
1329 1870 1555 1933 dixisset,
1596 1871 1765 1919 adver·
1787 1877 1828 1910 10

101 1937 168 1985 sis
201 1935 404 1984 testibus
444 1936 696 1991 creditum:
737 1940 1018 2002 censuitque
1042 1938 1204 1988 Iunius
1228 1939 1458 1988 Marullus
1492 1940 1660 1988 consul
1688 1940 1769 1988 de-

100 2007 315 2068 signatus
345 2005 640 2055 adimendam
667 2022 753 2056 reo
780 2014 1052 2072 praeturam
1075 2008 1437 2073 necandumque
1464 2024 1596 2058 more
1622 2010 1769 2058 maio-

99 2090 218 2125 rum.
305 2078 482 2125 ceteris
525 2077 635 2125 inde
677 2077 1080 2141 adsentientibus,
1125 2078 1300 2127 Paetus
1337 2079 1575 2141 Thrasea,
1620 2078 1769 2128 multo

98 2160 206 2195 cum
231 2145 416 2195 honore
437 2145 661 2208 Caesaris
682 2153 728 2195 et
754 2148 986 2196 acerrime
1007 2149 1246 2212 increpito
1270 2148 1494 2211 Antistio,
1519 2163 1615 2197 non
1636 2147 1770 2212 quid-

101 2214 211 2279 quid
238 2230 422 2264 nocens
448 2232 559 2265 reus
587 2217 684 2280 pati
710 2224 1000 2279 mereretur,
1045 2217 1091 2265 id
1129 2219 1333 2280 egregio
1361 2217 1447 2266 sub
1475 2219 1694 2283 principe
1721 2223 1768 2267 et
1786 2228 1825 2262 15

98 2284 226 2332 nulla
254 2287 545 2335 necessitate
573 2286 805 2335 obstricto
840 2287 1022 2335 senatui
1050 2288 1346 2336 statuendum
1377 2287 1625 2337 disseruit:
1665 2302 1766 2336 car-

100 2354 287 2402 nificem
323 2362 370 2402 et
401 2355 620 2421 laqueum
650 2356 834 2421 pridem
870 2356 1077 2419 abolita,
1125 2364 1172 2406 et
1210 2373 1320 2406 esse
1354 2372 1539 2422 poenas
1573 2357 1767 2420 legibus

101 2425 404 2487 constitutaS,
454 2426 624 2489 quibus
659 2426 760 2474 sine
807 2426 1014 2475 iudicum
1055 2428 1255 2476 saevitia
1297 2435 1345 2476 et
1390 2435 1658 2490 temporum
1698 2427 1765 2474 in-

98 2493 238 2543 famia
276 2494 513 2558 supplicia
544 2495 936 2544 decernerentur.
998 2497 1109 2560 quin
1135 2497 1181 2544 in
1213 2497 1364 2545 insula
1397 2497 1655 2560 publicatis
1680 2494 1766 2544 bo-

97 2564 195 2626 nis,
236 2577 329 2627 quo
368 2564 559 2627 longius
597 2573 782 2614 sontem
809 2567 952 2613 vitam
979 2567 1237 2628 traxisset,
1276 2581 1334 2614 eo
1367 2567 1587 2630 privatim
1625 2566 1765 2613 mise·
1781 2578 1825 2611 20

98 2634 272 2681 riorem
301 2641 346 2681 et
375 2634 596 2696 publicae
622 2635 905 2683 clementiae
931 2637 1181 2683 maximum
1208 2635 1478 2700 exemplum
1507 2635 1728 2683 futurum.

201 2703 286 2753 49.
326 2703 541 2752 Libertas
571 2704 815 2753 Thraseae
846 2706 1087 2753 servitium
1118 2704 1318 2753 aliorum
1351 2706 1506 2768 rupit,
1548 2712 1594 2752 et
1631 2710 1762 2768 post-

100 2785 238 2835 quam
265 2772 612 2823 discessionem
640 2774 807 2822 consul
835 2775 1141 2838 permiserat,
1181 2773 1384 2838 pedibus
1409 2776 1456 2822 in
1483 2774 1764 2822 sententiam

101 2842 201 2888 eius
243 2844 370 2906 iere,
423 2844 589 2908 paucis
629 2845 876 2907 exceptis,
922 2844 968 2892 in
1004 2843 1172 2907 quibus
1209 2843 1479 2906 adulatione
1509 2843 1764 2907 promptis-

101 2909 240 2959 simus
284 2912 369 2960 fuit
398 2914 457 2961 A.
486 2913 738 2978 Vitellius,
784 2914 1009 2978 optimum
1049 2928 1285 2978 quemque
1330 2914 1486 2976 iurgio
1514 2913 1765 2977 lacessens

169 2996 320 3029 ‘rAcrrz
345 3000 459 3031 PARS
486 3001 505 3032 1
1436 2983 1496 3032 18
