1976 3224
224 179 328 229 254
649 188 924 227 CORNELII
946 190 1143 228 TAorm
1162 192 1471 232 ANNALIUM

322 319 372 368 2.
410 317 575 366 Tradit
611 315 809 366 Cluvius
846 318 1024 368 ardore
1057 321 1340 371 retinendae
1376 324 1696 389 Agrippinam
1734 332 1904 390 poten

220 389 317 438 tiae
355 403 415 438 eo
456 402 609 452 usque
637 396 947 453 provectam,
999 397 1048 438 ut
1082 391 1240 441 medio
1279 392 1396 458 diei,
1446 409 1550 442 cum
1587 394 1634 443 id
1670 397 1907 459 temporis

220 459 356 508 Nero
390 474 481 524 per
515 458 672 506 vinum
712 467 759 508 et
797 460 967 525 epulas
997 460 1349 525 incalesceret,
1393 464 1594 513 offerret
1625 479 1678 512 se
1707 467 1902 530 saepius

221 529 485 579 temulento
510 535 750 594 comptam
772 537 821 579 et
842 531 1031 579 incesto
1055 539 1282 596 paratam.
1313 534 1500 598 iamque
1527 534 1712 583 lasciva
1735 535 1900 585 oscula

180 616 200 648 5
225 608 273 648 et
310 600 620 666 praenuntias
653 599 823 663 flagitii
860 599 1116 650 blanditias
1154 601 1489 652 adnotantibus
1517 604 1775 669 proximiS,
1815 606 1899 654 Se-

221 685 392 719 necam
433 676 600 718 contra
637 670 899 720 muliebres
941 671 1216 720 inlecebras
1251 673 1512 723 subsidium
1542 689 1567 722 a
1606 674 1782 723 femina
1819 690 1900 741 pe-

219 741 408 803 tivisse,
435 741 776 805 inmissamque
802 740 960 790 Acten
988 741 1227 806 libertam,
1257 759 1379 808 quae
1409 744 1546 794 simul
1569 758 1656 793 suo
1681 745 1899 809 periculo

221 818 269 861 et
294 811 485 859 infamia
513 809 723 859 Neronis
749 812 889 860 anxia
921 810 1135 861 deferret
1161 814 1493 878 pervulgatum
1527 829 1638 864 esse
1667 816 1902 863 incestum

220 882 463 945 gloriante
488 888 667 944 matre,
693 896 787 930 nec
817 882 1114 931 toleraturos
1139 883 1316 932 milites
1347 885 1536 950 profani
1563 885 1794 950 principis
1821 886 1900 933 im-

162 966 203 999 10
220 952 421 1016 perium.
471 950 650 1000 Fabius
686 952 913 1001 Rusticus
951 966 1046 1001 non
1082 952 1382 1019 Agrippinae
1430 955 1516 1004 sed
1555 954 1739 1004 Neroni
1770 957 1899 1019 cupi-

218 1030 315 1071 tum
341 1022 389 1070 id
415 1027 652 1070 memorat
678 1021 990 1088 eiusdemque
1009 1022 1216 1072 libertae
1238 1032 1344 1074 astu
1366 1025 1631 1074 disiectum.
1661 1025 1748 1073 sed
1775 1039 1899 1090 quae

222 1091 445 1154 Cluvius»,
487 1092 657 1141 eadem
695 1094 846 1141 ceteri
883 1107 1077 1175 quoque
1117 1101 1342 1143 auctores
1374 1094 1664 1159 prodidere,
1702 1102 1751 1143 et
1776 1095 1900 1143 fama

219 1162 312 1211 huc
347 1129 570 1223 inclinat,
610 1177 697 1211 seu
728 1163 957 1228 concepit
995 1164 1150 1212 animo
1192 1171 1372 1213 tantum
1410 1166 1694 1214 inmanitatis
1721 1163 1898 1229 Agrip-

220 1232 359 1298 pina,
395 1247 483 1281 seu
512 1231 792 1281 credibilior
826 1247 983 1282 novae
1010 1233 1218 1282 libidinis
1247 1235 1533 1284 meditatio'
1520 1250 1568 1283 in
1592 1249 1650 1284 ea
1676 1236 1779 1284 visa
1807 1242 1899 1296 est,

162 1314 201 1348 15
219 1317 342 1368 quae
371 1302 668 1367 puellaribus
695 1304 830 1351 annis
859 1311 1072 1368 stuprum
1101 1319 1207 1353 cum
1230 1305 1416 1370 Lepido
1448 1321 1536 1370 spe
1563 1305 1898 1355 dominationis

217 1372 502 1435 admiserat,
543 1374 648 1438 pari
686 1373 909 1439 cupidine
944 1389 1098 1439 usque
1137 1375 1195 1424 ad
1224 1375 1357 1425 libita
1383 1375 1614 1425 Pallantis
1642 1374 1899 1439 provoluta

220 1450 267 1491 et
298 1444 514 1491 exercita
542 1443 600 1492 ad
627 1458 768 1492 omne
795 1444 1025 1507 flagitium
1054 1447 1208 1509 patrui
1234 1447 1427 1511 nuptiiS.

323 1514 371 1563 3.
406 1512 558 1576 Igitur
594 1513 728 1562 Nero
766 1517 919 1562 vitare
958 1522 1180 1563 secretos
1221 1518 1324 1564 eius
1359 1530 1683 1579 congressuS,
1730 1514 1876 1564 absce

220 1583 411 1632 dentem
459 1585 504 1630 in
542 1583 711 1634 hortos
760 1592 839 1633 aut
871 1584 1190 1634 Tusculanum
1239 1586 1318 1634 vel
1356 1586 1597 1634 Antiatem
1646 1587 1692 1634 in
1731 1599 1896 1648 agrum

218 1652 434 1716 laudare,
459 1653 589 1718 quod
612 1655 758 1703 otium
782 1662 1082 1719 capesseret.
1131 1663 1403 1720 postremo,
1430 1654 1719 1720 ubicumque
1747 1654 1894 1703 habe·

217 1731 367 1785 retur,
404 1738 728 1788 praegravem
755 1732 888 1773 ratus
918 1725 1194 1774 interlicere
1221 1727 1492 1788 constituit,
1519 1725 1753 1774 hactenus
1784 1739 1895 1774 con-

176 1806 195 1838 5
218 1793 429 1856 sultanS,
469 1809 660 1843 veneno
698 1808 756 1842 an
791 1794 923 1844 ferro
951 1795 1030 1843 vel
1069 1810 1158 1859 qua
1199 1796 1293 1845 alia
1319 1797 1382 1844 vi.
1435 1796 1714 1863 placuitque
1742 1796 1896 1860 primo

218 1878 470 1912 venenum.
523 1863 612 1912 sed
647 1864 771 1913 inter
811 1865 981 1928 epulas
1019 1867 1250 1930 principis
1288 1867 1329 1914 si
1364 1866 1584 1927 daretur,
1627 1865 1803 1914 referri
1838 1865 1897 1914 ad

219 1949 382 1982 casum
419 1947 515 1982 non
552 1941 746 1999 poterat
782 1935 866 1984 tali
899 1935 991 1984 iam
1028 1934 1289 1985 Britannici
1335 1937 1509 1994 exitio;
1564 1943 1612 1984 et
1651 1936 1895 1984 ministros

217 2012 455 2068 temptare
494 2004 689 2054 arduum
730 2004 984 2054 videbatur
1007 2006 1220 2055 mulieris
1258 2022 1344 2055 usu
1382 2006 1621 2055 scelerum
1662 2004 1897 2054 adversus

216 2074 410 2123 insidias
437 2075 672 2133 intentae;
712 2083 857 2140 atque
897 2076 1001 2140 ipsa
1033 2076 1385 2140 praesumendo
1422 2075 1633 2125 remedia
1666 2076 1898 2124 munierat

160 2161 200 2194 10
219 2159 412 2210 corpus.
463 2145 643 2194 ferrum
670 2154 718 2194 et
750 2146 929 2195 caedes
956 2161 1163 2211 quonam
1192 2147 1336 2196 modo
1367 2145 1722 2209 occultaretur,
1751 2158 1893 2194 nemo

216 2215 521 2280 reperiebat;
562 2223 610 2264 et
635 2231 696 2264 ne
723 2217 829 2280 quis
855 2216 924 2265 illi
958 2223 1088 2266 tanto
1118 2217 1321 2265 facinori
1353 2215 1574 2265 delectus
1602 2215 1732 2264 iussa
1759 2231 1894 2281 sper-

216 2293 354 2333 neret
378 2285 667 2334 metuebant.
725 2285 896 2335 obtulit
929 2287 1170 2350 ingenium
1210 2287 1441 2335 Anicetus
1477 2285 1707 2347 libertuS,
1750 2286 1893 2334 classi

217 2355 341 2419 apud
380 2354 614 2404 Misenum
650 2356 932 2419 praefectus
976 2364 1022 2405 et
1057 2359 1291 2421 pueritiae
1327 2356 1538 2404 Neronis
1574 2354 1804 2406 educator
1838 2370 1895 2403 ac

215 2426 386 2474 mutuis
426 2425 550 2475 odiis
586 2424 886 2490 Agrippinae
934 2427 1133 2475 invisus.
1191 2441 1311 2490 ergo
1356 2441 1527 2475 navem
1573 2439 1725 2490 posse
1765 2439 1892 2484 com-

161 2515 199 2547 15
218 2497 330 2561 poni
368 2495 540 2559 docet,
580 2497 712 2544 cuius
751 2511 865 2560 pars
903 2497 1012 2560 ipso
1041 2498 1087 2544 in
1114 2498 1232 2546 mari
1264 2512 1352 2562 per
1381 2503 1530 2545 artem
1559 2495 1715 2545 soluta
1744 2495 1891 2543 effun-

217 2567 356 2615 deret
382 2567 622 2630 ignaram:
650 2566 765 2615 nihil
797 2574 891 2615 tam
921 2581 1076 2631 capax
1102 2567 1403 2616 fortuitorum
1433 2580 1570 2631 quam
1591 2580 1749 2620 mare;
1779 2571 1827 2613 et
1852 2565 1893 2612 si

215 2637 467 2700 naufragio
502 2638 774 2701 intercepta
816 2639 901 2701 sit,
939 2652 1078 2702 quem
1106 2637 1229 2686 adeo
1257 2638 1491 2702 iniquum,
1529 2643 1579 2685 ut
1606 2634 1784 2683 sceleri
1811 2634 1890 2682 ad-

216 2708 374 2770 signet
400 2707 526 2771 quod
555 2709 685 2755 venti
713 2715 762 2755 et
787 2707 956 2756 fluctus
984 2705 1309 2772 deliquerint?
1336 2706 1597 2756 additurum
1620 2705 1888 2769 principem

218 2777 472 2826 defunctae
499 2777 727 2842 templum
754 2785 802 2826 et
831 2793 939 2826 aras
970 2785 1017 2826 et
1044 2786 1207 2827 cetera
1236 2775 1550 2826 ostentandae
1576 2775 1757 2838 pietati.

318 2849 366 2894 4.
409 2847 594 2895 Placuit
633 2846 878 2909 sollertia,
917 2855 1136 2911 tempore
1180 2849 1321 2897 etiam
1355 2847 1476 2906 iuta,
1515 2843 1704 2908 quando
1744 2844 1887 2905 Quin-

218 2923 465 2979 quatruum
500 2916 654 2964 festos
683 2916 787 2964 dies
814 2918 935 2981 apud
965 2917 1106 2966 Baias
1134 2914 1484 2982 frequentabat.
1536 2912 1652 2962 illuc
1690 2921 1887 2962 matrem
