1976 3224
215 241 318 291 244
630 249 903 288 CORNELII
931 249 1128 287 TACITI
1156 249 1460 287 ANNALmM

218 387 317 442 est,
355 386 404 426 ut
442 379 578 442 quasi
613 378 961 426 infensantibus
993 378 1097 427 deis
1132 379 1281 426 exitio
1312 377 1433 427 tradi
1472 377 1768 427 crederetur.
1823 379 1886 428 ob

215 451 340 499 haec
369 448 697 496 consalutatus
729 449 989 513 imperator
1015 447 1177 510 Ner0,
1219 455 1265 496 et
1301 445 1496 497 'senatus
1529 447 1749 498 consulto
1776 464 1885 514 sup-

217 519 506 585 plicationes
537 518 729 566 habitae
746 557 760 582 ,
803 526 1085 583 statuaeque
1113 525 1160 566 et
1186 532 1327 567 arcus
1356 525 1403 566 et
1430 518 1641 567 continui
1667 519 1885 568 consula-

158 601 199 635 20
217 597 291 639 tus
322 589 558 654 principi,
598 595 744 653 utque
780 590 903 636 inter
928 589 1083 636 festos
1111 587 1376 636 referretur
1407 587 1538 652 dies,
1578 602 1673 654 quo
1704 596 1887 654 patrata

217 660 446 720 victoria,
486 673 580 722 quo
619 660 855 721 nuntiata,
897 673 990 723 quo
1017 658 1219 707 relatum
1246 657 1305 706 de
1342 673 1397 707 ea
1427 665 1588 722 esset,
1627 658 1814 724 aliaque
1843 660 1887 706 in

216 728 417 779 eandem
452 728 654 776 formam
689 728 1037 791 decernuntur,
1085 728 1207 777 adeo
1242 729 1432 778 modum
1471 743 1703 792 egressa,
1743 736 1790 777 ut
1831 727 1885 778 C.

217 797 414 848 Cassius
451 798 511 846 de
550 799 728 846 ceteris
768 797 1033 847 honoribus
1070 798 1333 862 adsensuS,
1379 801 1419 847 si
1459 812 1548 864 pro
1589 798 1887 862 benignitate

214 869 437 917 fortunae
466 868 538 916 dis
563 875 1025 931 gratesagerentur,
1051 884 1110 917 ne
1135 875 1283 917 totum
1305 868 1495 934 quidem
1519 883 1687 918 annum
1707 868 1887 934 suppli·

156 950 199 982 25
217 938 484 988 cationibus
511 938 738 986 sufficere
766 938 1071 1001 disseruerit,
1101 953 1257 1002 eoque
1284 946 1517 1003 oportere
1543 937 1688 987 dividi
1719 953 1889 987 sacros

216 1016 262 1057 et
289 1009 573 1071 negotiosos
599 1007 736 1070 dies,
775 1009 879 1072 quis
916 1007 1074 1056 divina
1109 1008 1328 1057 colerent
1365 1016 1411 1057 et
1441 1008 1642 1057 humana
1682 1023 1777 1057 non
1807 1009 1886 1056 im-

217 1078 451 1144 pedirent.

331 1147 416 1196 42.
463 1148 626 1196 Variis
668 1146 842 1195 deinde
888 1147 1080 1195 casibus
1138 1149 1339 1197 iactatus
1387 1155 1435 1197 et
1488 1147 1739 1197 multorum
1781 1147 1889 1197 odia

215 1219 412 1266 meritus
454 1232 592 1278 reuS,
638 1217 763 1266 haud
808 1224 965 1266 tamen
1003 1219 1104 1266 sine
1149 1217 1326 1267 invidia
1363 1219 1584 1267 Senecae
1627 1217 1888 1267 damnatur.

215 1289 256 1336 is
291 1288 377 1336 fuit
410 1287 462 1336 P.
492 1287 714 1350 SuilliuS,
754 1289 1056 1352 imperitante
1093 1286 1294 1337 Claudio
1334 1288 1564 1337 terribilis
1605 1303 1663 1336 ac
1703 1286 1888 1337 venalis

217 1365 266 1408 et
302 1358 560 1407 mutatione
605 1365 876 1422 temporum
924 1371 1019 1405 non
1055 1366 1279 1423 quantum
1323 1358 1498 1407 inimici
1539 1364 1774 1424 cuperent
1809 1356 1889 1406 de-

179 1431 389 1478 5missus
430 1427 604 1493 quique
642 1442 696 1476 se
733 1435 985 1476 nocentem
1022 1428 1176 1476 videri
1221 1442 1362 1493 quam
1403 1427 1674 1494 supplicem
1709 1427 1889 1476 mallet.

218 1502 320 1548 eius
353 1496 657 1564 opprimendi
692 1499 846 1560 gratia
877 1499 1133 1561 repetitum
1161 1497 1450 1547 credebatur
1478 1505 1673 1547 senatus
1701 1497 1888 1546 consul-

216 1578 312 1618 tum
339 1582 595 1633 poenaque
622 1565 821 1616 Cinciae
849 1567 974 1630 legis
1001 1567 1255 1616 adversum
1291 1582 1379 1616 eos
1415 1569 1494 1633 qui
1527 1569 1682 1634 pretio
1720 1581 1891 1617 causas

218 1641 504 1688 oravissent.
555 1653 648 1686 nec
674 1637 869 1686 Suillius
898 1645 1069 1702 questu
1095 1644 1173 1686 aut
1199 1637 1579 1703 exprobratione
1605 1636 1889 1698 abstinebat,

219 1716 412 1773 praeter
447 1708 681 1756 ferociam
721 1708 861 1755 animi
911 1714 1125 1755 extrema
1171 1714 1370 1756 senecta
1406 1706 1530 1756 liber
1571 1714 1620 1756 et
1654 1708 1890 1756 Senecam

162 1793 199 1825 ιο
217 1781 476 1842 increpans
501 1776 735 1825 infensum
763 1777 925 1824 amicis
955 1774 1167 1840 Claudii,
1203 1776 1290 1826 sub
1326 1791 1420 1841 quo
1459 1777 1764 1826 iustissimum
1791 1777 1889 1826 exi-

215 1849 327 1897 lium
357 1847 654 1913 pertulisset.
710 1846 847 1894 simul
875 1846 1040 1894 studiis
1066 1846 1296 1896 inertibus
1325 1854 1373 1895 et
1395 1848 1614 1896 iuvenum
1639 1847 1891 1912 inperitiae

216 1925 401 1967 suetum
439 1916 595 1964 livere
633 1917 718 1978 iis,
767 1917 844 1980 qui
882 1915 1087 1964 vividam
1124 1923 1172 1965 et
1207 1919 1532 1982 incorruptam
1568 1917 1890 1981 eloquentiam

214 1986 402 2036 tuendis
435 1985 622 2035 civibus
649 1993 956 2035 exercerent.
1017 2001 1071 2035 se
1098 1994 1410 2051 quaestorem
1436 1986 1733 2050 Germanici,
1761 1986 1891 2035 illum

216 2059 381 2107 domus
409 2056 511 2105 eius
539 2056 804 2105 adulterum
827 2056 994 2104 fuisse.
1046 2071 1103 2104 an
1127 2058 1323 2120 gravius
1351 2057 1688 2106 aestimandum
1715 2064 1890 2121 sponte

159 2145 198 2179 15
214 2128 476 2191 litigatoris
503 2127 763 2191 praemium
789 2125 1023 2175 honestae
1051 2140 1235 2191 operae
1261 2125 1485 2192 adsequi,
1512 2141 1651 2191 quam
1680 2141 1889 2175 corrum-

216 2212 336 2263 pere
373 2196 594 2246 cubicula
631 2197 897 2261 principum
930 2194 1244 2245 feminarum?
1295 2211 1387 2261 qua
1427 2198 1688 2262 sapientia,
1719 2195 1889 2260 quibus

217 2266 619 2332 philosophorum
658 2267 937 2330 praeceptis
973 2268 1093 2315 intra
1134 2265 1491 2330 quadriennium
1525 2266 1692 2330 regiae
1730 2266 1890 2314 amici-

214 2337 310 2385 tiae
347 2343 423 2384 ter
455 2335 642 2383 miliens
677 2337 949 2384 sestertium
980 2333 1284 2400 paravisset?
1320 2336 1505 2386 Romae
1536 2343 1816 2385 testamenta
1843 2341 1891 2382 et

215 2405 364 2455 orbos
388 2405 519 2452 velut
545 2404 768 2468 indagine
799 2406 901 2454 eius
930 2407 1063 2469 capi,
1091 2405 1273 2453 Italiam
1301 2413 1348 2454 et
1374 2407 1648 2470 provincias
1675 2407 1888 2454 inmenso

162 2494 199 2526 ιο
216 2477 419 2524 faenore
446 2474 649 2522 hauriri:
693 2482 739 2522 at
779 2474 868 2522 sibi
910 2474 1078 2523 labore
1116 2477 1379 2538 quaesitam
1410 2483 1457 2525 et
1482 2476 1715 2525 modicam
1744 2489 1887 2540 pecu-

214 2547 337 2594 niam
359 2559 487 2592 esse.
535 2545 731 2606 crimen,
757 2544 1037 2608 periculum,
1066 2546 1218 2593 omnia
1241 2547 1398 2609 potius
1419 2546 1730 2596 toleraturum
1750 2559 1887 2609 quam

213 2623 428 2663 veterem
456 2629 512 2662 ac
539 2612 744 2662 dicendo
774 2622 956 2679 partam
983 2613 1308 2677 dignationem
1333 2615 1518 2666 subitae
1541 2614 1756 2664 felicitati
1779 2613 1887 2662 sub-

215 2687 438 2733 mitteret.

319 2755 401 2804 43.
447 2752 551 2802 Nec
597 2753 797 2801 deerant
840 2756 917 2818 qui
961 2754 1083 2803 haec
1128 2754 1279 2803 isdem
1325 2754 1485 2804 verbis
1532 2762 1610 2803 aut
1650 2769 1790 2802 versa
1842 2755 1887 2802 in

215 2824 427 2871 deterius
457 2823 676 2870 Senecae
708 2822 969 2872 deferrent.
1024 2827 1303 2889 repertique
1330 2831 1642 2873 accusatores
1668 2823 1885 2887 direptos

215 2894 409 2954 sociOS,
453 2907 557 2940 cum
584 2891 776 2939 Suillius
807 2894 1102 2955 provinciam
1130 2893 1292 2942 Asiam
1318 2900 1536 2956 regeret,
1579 2908 1635 2942 ac
1663 2893 1884 2957 publicae

218 2962 451 3026 pecuniae
491 2961 760 3023 peculatum
795 2961 1080 3010 detulerunt.
1138 2978 1248 3010 mox
1286 2964 1394 3025 quia
1426 2964 1778 3027 inquiSitionem
1805 2977 1880 3010 an-
