1976 3224
140 203 243 254 300
556 212 834 250 CORNELII
866 211 1060 249 TACITI
1096 211 1403 249 ANNALIUM

139 340 352 395 Sextiles
380 341 666 405 principium
711 339 920 388 incendii
956 339 1095 388 huius
1135 347 1314 402 ortum,
1367 354 1460 403 quo
1502 349 1550 389 et
1589 343 1809 394 Senones

138 417 327 475 captam
354 409 522 461 urbem
548 409 956 458 inflammaverint.
1010 409 1091 458 alii
1127 423 1186 458 eo
1215 423 1369 473 usque
1410 425 1523 459 cura
1556 413 1809 476 progressi

136 487 269 542 sunt,
303 487 354 527 ut
390 479 586 527 totidem
627 493 778 527 annos
813 493 1105 542 mensesque
1141 486 1187 526 et
1224 479 1327 528 dies
1353 480 1476 527 inter
1504 488 1705 546 utraque
1742 486 1807 531 in·

138 549 307 604 cendia
336 555 603 603 numerent.

240 619 325 677 42.
372 618 600 675 Ceterum
632 616 766 666 Nero
802 633 916 666 usus
953 625 1027 666 est
1072 618 1254 682 patriae
1292 618 1440 666 ruinis
1476 621 1809 685 exstruxitque

136 688 356 752 domum,
387 689 435 738 in
462 703 556 754 qua
580 687 707 737 haud
733 686 934 751 perinde
961 701 1181 750 gemmae
1209 694 1258 735 et
1284 702 1448 736 aurum
1474 689 1707 739 miraculo
1735 706 1808 739 es-

135 766 268 821 sent,
294 758 438 810 solita
460 759 647 823 pridem
673 765 721 806 et
744 757 858 805 luxu
887 757 1114 821 volgata,
1154 771 1293 822 quam
1329 772 1444 806 arva
1487 765 1538 813 et
1562 766 1734 823 stagna
1762 768 1811 809 et

133 829 182 876 in
220 828 410 877 modum
445 827 750 877 solitudinum
775 826 886 875 hinc
918 827 1073 876 silvae
1106 827 1218 875 inde
1243 835 1413 892 aperta
1441 829 1596 892 spatia
1624 837 1674 885 et
1698 845 1808 895 pro·

93 917 113 948 5
135 906 363 963 spectus,
399 898 645 961 magistris
672 905 719 945 et
743 896 1151 946 machinatoribus
1176 897 1364 945 Severo
1398 904 1445 946 et
1471 897 1674 961 Celere,
1709 899 1809 963 qui—

133 967 224 1016 bus
250 969 495 1031 ingenium
520 974 569 1016 et
598 966 796 1015 audacia
824 974 954 1029 erat,
995 967 1137 1015 etiam
1168 981 1290 1030 quae
1325 974 1492 1016 natura
1519 967 1799 1031 denegavis·

134 1044 238 1099 set,
277 1053 368 1102 per
400 1045 552 1088 artem
579 1044 818 1100 temptare
849 1044 898 1091 et
921 1036 1107 1085 viribus
1133 1037 1366 1101 principis
1391 1037 1626 1086 inludere.
1681 1054 1807 1087 nam-

135 1122 230 1171 que
267 1107 327 1161 ab
366 1107 476 1161 lacu
504 1106 705 1161 Averno
735 1106 1056 1168 navigabilem
1088 1105 1269 1155 fossam
1294 1121 1448 1170 usque
1485 1107 1543 1157 ad
1581 1109 1705 1158 ostia
1732 1108 1807 1158 Ti-

133 1176 302 1226 berina
322 1176 648 1241 depressuros
667 1175 1009 1240 promiserant,
1040 1174 1278 1239 squalenti
1304 1176 1449 1225 litore
1469 1185 1548 1226 aut
1570 1193 1658 1241 per
1676 1193 1808 1227 mon-

76 1265 117 1298 ιο
132 1253 209 1295 tes
234 1246 488 1295 adversos.
549 1260 708 1310 neque
740 1245 865 1293 enim
891 1245 1019 1294 aliud
1046 1244 1252 1293 umidum
1277 1246 1534 1309 gignendis
1565 1249 1703 1312 aquis
1729 1262 1807 1297 oc-

136 1317 284 1366 currit
310 1331 450 1381 quam
474 1316 757 1379 Pomptinae
785 1315 1019 1378 paludes:
1059 1322 1223 1364 cetera
1258 1316 1459 1381 abrupta
1498 1324 1579 1366 aut
1606 1318 1810 1380 arentia,

136 1400 194 1435 ac
218 1386 258 1434 si
284 1386 529 1451 perrumpi
554 1392 785 1450 possent,
824 1384 1154 1435 intolerandus
1183 1385 1323 1434 labor
1351 1401 1446 1434 nec
1472 1388 1589 1436 satis
1615 1402 1806 1437 causae.

133 1455 267 1506 Nero
297 1462 483 1518 tamen,
515 1463 564 1503 ut
593 1462 695 1503 erat
719 1454 1067 1504 incredibilium
1096 1457 1308 1520 cupitor,
1345 1456 1561 1505 effodere
1593 1459 1807 1522 proxima

134 1526 334 1580 Averno
359 1526 474 1589 iuga
502 1525 694 1574 conisus
721 1531 813 1588 est,
843 1532 1132 1588 manentque
1162 1525 1369 1588 vestigia
1394 1527 1562 1575 inritae
1594 1528 1716 1591 spei.

239 1595 323 1646 43.
360 1593 587 1649 Ceterum
611 1593 745 1643 urbis
772 1610 897 1659 quae
932 1595 1091 1643 domui
1123 1603 1411 1658 supererant
1446 1610 1568 1658 non,
1613 1603 1662 1644 ut
1699 1603 1809 1659 post

136 1664 320 1719 Gallica
356 1664 608 1727 incendia,
646 1663 776 1713 nulla
812 1664 1119 1714 distinctione
1154 1679 1249 1713 nec
1287 1666 1464 1728 passim
1497 1672 1685 1725 erecta,
1723 1664 1807 1712 sed

135 1735 364 1783 dimensis
397 1735 614 1783 vicorum
655 1733 901 1782 ordinibus
939 1741 988 1782 et
1024 1734 1131 1784 latis
1157 1735 1341 1782 viarum
1368 1735 1537 1799 spatiis
1577 1733 1806 1782 cohibita-

137 1819 230 1868 que
260 1803 590 1859 aedificiorum
617 1802 865 1852 altitudine
889 1818 947 1852 ac
975 1804 1232 1867 patefactis
1258 1805 1384 1852 areis
1405 1803 1674 1868 additisque
1697 1818 1806 1869 por-

95 1873 312 1922 5ticibus
354 1888 478 1937 quae
517 1872 724 1938 frontem
764 1873 1023 1922 insularum
1072 1881 1406 1937 protegerent.
1470 1889 1554 1923 eas
1591 1875 1808 1938 porticus

133 1943 267 1992 Nero
308 1958 392 1992 sua
429 1944 636 2007 pecunia
676 1949 1028 1991 exstructurum
1063 1951 1392 2007 purgatasque
1430 1959 1570 1993 areas
1604 1943 1808 1992 dominis

133 2013 412 2063 traditurum
448 2011 695 2076 pollicitus
728 2020 818 2060 est.
874 2011 1055 2061 addidit
1092 2014 1302 2076 praemia
1338 2027 1428 2077 pro
1461 2015 1692 2078 cuiusque
1733 2028 1806 2062 or-

134 2082 244 2132 dine
274 2090 322 2131 et
348 2084 419 2131 rei
448 2081 694 2139 familiaris
723 2083 906 2146 copiiS,
948 2083 1195 2146 finivitque
1220 2090 1408 2148 tempus
1434 2084 1555 2132 intra
1584 2083 1712 2146 quod
1739 2082 1806 2131 ef-

134 2153 278 2202 fectis
318 2151 537 2202 domibus
579 2158 659 2201 aut
693 2152 863 2200 insulis
909 2152 1256 2216 apiscerentur.
1321 2152 1480 2201 ruderi
1520 2151 1806 2215 accipiendo

77 2236 118 2269 10
137 2223 389 2274 Ostienses
414 2221 616 2286 paludes
645 2221 937 2284 destinabat,
973 2222 1135 2285 utique
1163 2237 1334 2284 naveS,
1374 2237 1496 2285 quae
1523 2222 1807 2270 frumentum

137 2291 298 2342 Tiberi
324 2291 764 2353 subvectavissent,
790 2298 989 2340 onustae
1012 2291 1186 2340 rudere
1209 2291 1541 2352 decurrerent,
1567 2290 1805 2340 aedilicia-

136 2377 230 2427 que
249 2362 357 2426 ipsa
391 2368 523 2411 certa
551 2362 623 2409 sui
648 2369 787 2424 parte
815 2362 918 2408 sine
944 2360 1160 2409 trabibus
1189 2375 1308 2410 saxo
1337 2360 1520 2410 Gabino
1548 2360 1807 2409 Albanove

137 2429 486 2491 solidarentur,
532 2430 662 2494 quod
687 2430 728 2478 is
758 2430 883 2494 lapis
913 2430 1103 2492 ignibus
1130 2431 1391 2495 impervius
1421 2437 1523 2485 est:
1567 2431 1657 2479 iam
1683 2444 1806 2494 aqua

135 2503 430 2566 privatorum
469 2499 664 2548 licentia
700 2502 968 2563 intercepta
1004 2514 1099 2563 quo
1131 2500 1316 2562 largior
1342 2507 1390 2548 et
1431 2499 1649 2564 pluribus
1683 2499 1809 2548 locis

79 2585 120 2617 15
136 2574 183 2619 in
208 2570 451 2635 publicum
488 2570 682 2630 flueret,
728 2569 979 2630 custodeS,
1019 2575 1068 2618 et
1094 2569 1307 2618 subsidia
1334 2570 1652 2634 reprimendis
1686 2569 1807 2631 igni·

137 2641 227 2688 bus
245 2641 291 2687 in
313 2639 570 2704 propatulo
595 2641 797 2702 quisque
823 2638 1049 2691 haberet:
1078 2654 1170 2687 nec
1197 2642 1530 2688 communione
1559 2639 1807 2704 parietum,

139 2709 224 2757 sed
259 2710 470 2774 propriis
507 2723 727 2772 quaeque
763 2709 907 2763 muris
947 2707 1252 2758 ambirentur.
1312 2724 1366 2757 ea
1401 2724 1461 2757 ex
1496 2709 1698 2757 utilitate
1729 2721 1805 2754 ac-

140 2785 282 2842 cepta
306 2778 532 2827 decorem
561 2792 755 2842 quoque
787 2792 941 2827 novae
966 2777 1070 2826 urbi
1111 2778 1330 2827 attulere.
1380 2784 1514 2827 erant
1544 2785 1698 2826 tamen
1727 2775 1806 2838 qui

141 2847 413 2913 crederent,
434 2855 650 2896 veterem
673 2847 802 2895 illam
823 2847 1023 2895 formam
1038 2847 1304 2896 salubritati
1325 2849 1478 2910 magis
1500 2845 1804 2906 conduxisse,

80 2937 122 2969 20
142 2917 360 2980 quoniam
389 2918 639 2977 angustiae
664 2917 883 2964 itinerum
911 2922 959 2963 et
994 2916 1193 2970 altitudo
1219 2924 1453 2964 tectorum
1485 2929 1580 2963 non
1609 2912 1807 2977 perinde
