1976 3224
280 206 376 256 108
539 198 551 205 “
719 215 994 253 CORNELH
1014 213 1208 253 TAcrm
1229 215 1537 254 ANNALIUM

275 358 370 408 que
416 342 474 390 ad
525 342 846 391 accusandum
895 343 1100 391 delectis
1146 341 1467 407 responderet
1510 342 1643 391 solus
1691 352 1740 392 et
1783 345 1948 394 orandi

276 412 488 474 nesciuS,
520 412 719 476 proprio
748 413 794 459 in
821 420 974 475 metu,
1008 415 1086 476 qui
1116 413 1378 460 exercitam
1405 426 1598 476 quoque
1626 411 1948 478 eloquentiam

275 481 511 542 debilitat,
539 495 636 528 non
662 488 962 545 temperante
993 482 1189 530 Tiberio
1218 482 1328 546 quin
1355 488 1598 545 premeret
1635 497 1760 531 voce
1799 484 1947 546 vultu,

275 567 334 600 eo
365 549 493 614 quod
533 552 641 614 ipse
679 551 973 602 creberrime
1015 551 1370 614 interrogabat,
1411 566 1567 615 neque
1603 551 1837 600 refellere
1870 561 1950 601 aut

217 638 257 671 ιο
277 620 475 670 eludere
504 618 719 682 dabatur,
748 635 806 670 ac
833 635 984 684 saepe
1013 622 1154 669 etiam
1184 620 1505 670 confitendum
1530 628 1658 684 erat,
1687 637 1748 669 ne
1773 622 1951 672 frustra

275 690 615 754 quaesivisset.
667 690 851 738 Servos
879 704 1071 755 quoque
1102 690 1278 753 Silani,
1326 697 1376 738 ut
1404 691 1653 738 tormentis
1678 692 1975 754 interroger.

271 766 453 821 rentur,
486 765 625 807 actor
651 758 874 823 publicus
899 761 1137 824 mancipio
1165 767 1442 824 acceperat.
1459 757 1470 763 “
1495 767 1543 808 et
1564 775 1631 808 -ne
1653 762 1758 824 quis
1779 776 1947 809 neces-

271 831 506 878 sariorum
535 829 725 877 iuvaret
751 829 1119 893 periclitantem,
1146 830 1409 878 maiestatis
1446 830 1642 879 crimina
1681 829 1947 879 subdeban-

270 906 378 961 tur,
411 898 619 946 vinclum
656 905 705 946 et
745 900 1016 947 necessitas
1041 894 1251 948 silendi.
1315 900 1460 962 igitur
1495 900 1646 964 petito
1684 914 1948 964 paucorum

214 980 252 1012 15
278 968 460 1016 dierum
484 968 740 1015 interiectu
767 965 1098 1017 defensionem
1127 970 1198 1017 sui
1229 968 1468 1032 deseruit,
1507 969 1636 1017 ausis
1674 969 1735 1018 ad
1770 968 1946 1019 Caesa-

272 1053 375 1095 rem
403 1036 659 1099 codicillis,
689 1036 861 1102 quibus
886 1037 1107 1087 invidiam
1135 1045 1183 1086 et
1215 1054 1390 1103 preces
1418 1040 1692 1087 miscuerat.

377 1107 458 1157 68.
511 1105 731 1154 Tiberius
767 1122 890 1171 quae
924 1108 971 1155 in
1009 1108 1219 1156 Silanum
1263 1107 1489 1172 parabat,
1534 1122 1627 1172 quo
1673 1109 1947 1157 excusatius

272 1176 360 1225 sub
389 1176 617 1240 exemplo
649 1177 1016 1240 acciperentur,
1055 1177 1252 1226 libellos
1292 1177 1386 1226 divi
1426 1177 1635 1240 Augusti
1670 1177 1730 1226 de
1757 1178 1947 1227 Voleso

267 1246 496 1296 Messalla
529 1245 744 1294 eiusdem
767 1245 918 1295 Asiae
955 1261 1045 1311 pro
1078 1247 1279 1295 consule
1303 1247 1577 1310 factumque
1608 1248 1654 1294 in
1677 1262 1785 1295 eum
1808 1262 1946 1296 sena-

269 1324 345 1364 tus
390 1315 663 1364 consultum
706 1316 900 1365 recitari
940 1316 1088 1364 iubet.
1157 1325 1251 1364 tum
1298 1316 1348 1364 L.
1398 1317 1624 1365 Pisonem
1667 1319 1946 1366 sententiam

231 1392 430 1448 5rogat.
499 1385 581 1433 ille
625 1385 820 1433 multum
857 1385 917 1433 de
953 1386 1206 1435 clementia
1250 1387 1483 1450 principis
1532 1387 1780 1450 praefatus
1825 1401 1944 1450 aqua

270 1462 414 1518 atque
441 1455 541 1516 igni
570 1454 735 1503 Silano
763 1454 1140 1504 interdicendum
1171 1458 1355 1504 censuit
1380 1456 1631 1520 ipsumque
1664 1457 1712 1504 in
1746 1455 1947 1504 insulam

271 1524 477 1585 Gyarum
504 1524 833 1587 relegandum.
891 1525 1057 1574 eadem
1090 1526 1267 1586 ceteri,
1307 1526 1397 1574 nisi
1440 1526 1565 1589 quod
1599 1524 1686 1575 Cn.
1720 1525 1946 1574 Lentulus

270 1593 541 1657 separanda
568 1594 719 1642 Silani
750 1601 962 1656 materna
992 1595 1135 1657 bona,
1165 1596 1343 1658 quippe
1371 1601 1400 1651 †
1425 1596 1516 1644 alia
1546 1602 1743 1660 parente
1775 1596 1939 1658 geniti,

267 1663 613 1726 reddendaque
642 1663 741 1711 lilio
778 1663 913 1725 dixit,
942 1664 1177 1713 adnuente
1206 1663 1416 1713 Tiberio.

372 1732 456 1782 69.
491 1732 555 1779 At
585 1731 840 1780 Cornelius
864 1732 1120 1782 Dolabella
1149 1733 1256 1782 dum
1293 1732 1611 1782 adulationem
1648 1734 1840 1796 longius
1869 1750 1945 1782 se·

268 1803 441 1867 quitur,
468 1802 720 1865 increpitis
748 1800 802 1850 C.
834 1802 979 1851 Silani
1005 1803 1218 1852 moribus
1244 1802 1445 1865 addidit,
1484 1818 1544 1851 ne
1573 1803 1677 1867 quis
1704 1805 1800 1851 vita
1832 1818 1944 1868 pro-

267 1872 443 1929 brosus
471 1878 519 1919 et
545 1878 745 1935 opertus
772 1871 961 1922 infamia
988 1873 1285 1937 provinciam
1317 1874 1595 1935 sortiretur,
1632 1871 1775 1937 idque
1819 1874 1943 1937 prin-

270 1955 390 2005 ccps
419 1940 719 1989 diiudicaret.
778 1956 885 1989 nam
913 1957 939 1990 a
966 1942 1159 2004 legibus
1188 1942 1363 1991 delicta
1399 1943 1579 2006 puniri:
1622 1949 1797 2006 quanto
1837 1941 1944 1990 fore

226 2032 246 2063 5
267 2010 426 2059 mitius
453 2011 499 2058 in
527 2011 662 2074 ipsos
682 2048 694 2072 ,
727 2010 896 2059 melius
921 2009 968 2060 ἰή
1004 2013 1196 2075 sociOS,
1238 2012 1485 2076 provideri
1523 2026 1582 2060 ne
1621 2009 1944 2077 peccaretur?

269 2080 525 2130 adversum
565 2094 687 2143 quac
739 2079 966 2129 disseruit
1004 2079 1212 2130 Caesar:
1259 2095 1355 2130 non
1401 2080 1588 2144 quidem
1638 2081 1942 2144 sibigignara

269 2163 393 2214 quae
425 2148 483 2196 de
511 2149 673 2197 Silano
701 2149 1047 2213 vulgabantur,
1077 2150 1163 2199 sed
1189 2166 1284 2200 non
1313 2166 1374 2199 ex
1397 2165 1589 2199 rumore
1627 2150 1940 2199 statuendum.

267 2219 443 2267 multos
473 2219 519 2266 in
552 2219 816 2282 provinciis
846 2228 1012 2268 contra
1039 2226 1175 2284 quam
1211 2235 1325 2284 spes
1357 2227 1434 2279 aut
1458 2226 1612 2268 metus
1640 2218 1698 2267 de
1723 2219 1820 2268 illis
1840 2220 1942 2268 fue-

267 2289 327 2335 rit
355 2288 544 2348 egisse:
575 2289 775 2336 excitari
804 2289 1035 2352 quosdam
1080 2290 1138 2338 ad
1175 2290 1374 2338 meliora
1410 2289 1729 2351 magnitudine
1764 2304 1940 2351 rerum,

208 2374 250 2406 10
267 2355 542 2404 hebescere
570 2357 706 2404 alios.
760 2372 918 2420 neque
947 2373 1094 2421 posse
1123 2360 1390 2422 principem
1422 2373 1506 2406 sua
1533 2358 1732 2406 scientia
1771 2357 1941 2407 cunct'a

268 2424 560 2488 complecti,
621 2440 778 2488 neque
822 2427 1054 2490 expedire
1096 2435 1145 2475 ut
1190 2427 1445 2475 ambitione
1500 2427 1656 2475 aliena
1711 2427 1939 2475 trahatur.

266 2494 376 2543 ideo
407 2493 547 2556 leges
573 2495 619 2542 in
648 2494 774 2543 facta
804 2497 1046 2558 constitui,
1076 2499 1183 2560 quia
1211 2496 1365 2544 futura
1391 2498 1436 2544 in
1471 2497 1658 2545 incerto
1697 2498 1803 2544 sint.
1868 2499 1940 2544 sic

267 2579 292 2612 a
321 2562 582 2611 maioribus
610 2564 887 2626 institutum,
916 2573 982 2628 ut,
1007 2566 1045 2613 si
1073 2567 1303 2614 antissent
1332 2565 1525 2627 delicta,
1554 2579 1742 2630 poenae
1764 2581 1937 2630 seque·

266 2639 445 2681 rentur.
500 2647 561 2680 ne
599 2640 843 2682 verterent
885 2635 1130 2699 sapienter
1166 2642 1361 2698 reperta
1408 2642 1455 2683 et
1500 2648 1694 2699 semper
1732 2635 1935 2699 placita:

210 2717 250 2749 15
267 2703 385 2750 satis
414 2716 611 2750 onerum
640 2702 966 2767 principibus,
1011 2703 1125 2752 satis
1155 2705 1294 2752 etiam
1323 2705 1583 2768 potentiae.
1640 2704 1783 2752 minui
1820 2705 1937 2767 iura,

266 2772 489 2833 quotiens
514 2770 690 2833 gliscat
719 2780 964 2836 potestas,
1003 2788 1095 2821 nec
1117 2773 1337 2822 utendum
1362 2773 1591 2837 imperio,
1629 2771 1708 2821 ubi
1744 2772 1937 2836 legibus

265 2842 344 2901 agi
376 2842 543 2903 possit.
606 2848 780 2904 quanto
818 2842 973 2890 rarior
1007 2842 1131 2906 apud
1169 2842 1408 2891 Tiberium
1446 2841 1766 2906 popularitaS,
1803 2850 1934 2892 tanto

263 2906 544 2955 laetioribus
588 2911 752 2956 animis
794 2918 1011 2973 accepta.
1071 2919 1212 2974 atque
1258 2911 1340 2958 ille
1390 2909 1600 2974 prudens
1642 2911 1935 2974 moderandi,
