1976 3224
226 201 327 254 228
662 211 937 250 commui
960 211 1154 249 TAcrrI
1176 210 1482 249 ANNALmM

227 342 444 392 honestis
482 356 540 390 an
579 355 723 388 secus
761 340 924 388 amicis
962 346 1200 401 uteretur,
1257 341 1298 387 si
1334 338 1503 387 ducem
1540 346 1694 388 amota
1730 339 1904 389 invidia

229 414 501 476 egregium,
534 425 673 474 quam
702 411 741 458 si
768 410 1083 474 pecuniosum
1112 415 1160 456 et
1185 410 1340 472 gratia
1370 408 1621 457 subnixum
1648 424 1734 473 per
1759 409 1903 458 ambi-

229 490 325 530 tum
351 481 611 543 deligeret.

334 552 381 599 7.
413 550 548 599 Haec
571 558 714 613 atque
735 548 848 598 talia
872 547 1194 612 vulgantibus),
1212 547 1343 597 Nero
1366 556 1414 597 et
1432 550 1724 597 iuventutem
1744 550 1904 612 proxi-

228 637 328 670 mas
356 636 446 685 per
474 621 752 685 provincias
783 619 1050 682 quaesitam
1076 618 1358 683 supplendis
1396 619 1596 667 orientis
1633 617 1906 681 legionibus

227 691 489 741 admovere
535 689 858 753 legionesque
907 690 1042 752 ipsas
1091 689 1293 760 propius
1342 688 1616 737 Armeniam
1672 687 1906 736 collocari

228 761 384 823 iubet,
421 760 640 823 duosque
667 766 864 807 veteres
891 772 1040 820 reges
1067 742 1338 823 Agrippam
1367 766 1414 807 et
1440 758 1730 807 Antiochum
1758 773 1906 823 expe-

188 854 210 887 5
230 831 331 881 dire
362 830 557 895 copiaS,
588 831 695 894 quis
721 828 1003 878 Parthorum
1032 829 1153 878 fines
1179 828 1306 877 ultro
1334 829 1591 892 intrarent,
1623 828 1760 876 simul
1787 842 1904 892 pon·

227 909 304 950 tes
329 916 418 966 per
445 913 630 949 amnem
655 899 936 965 Euphraten
961 899 1117 961 iungi;
1157 906 1205 946 et
1242 900 1474 947 minorem
1500 898 1773 946 Armeniam
1801 898 1905 945 Ari-

230 970 447 1033 stobu10,
485 970 738 1033 regionem
763 968 1027 1050 Sophenen
1053 968 1296 1017 Sohaemo
1327 984 1431 1017 cum
1458 967 1727 1031 insignibus
1754 968 1905 1030 regiis

228 1041 432 1090 mandat.
488 1047 780 1104 exortusque
802 1040 849 1086 in
875 1045 1095 1103 tempore
1124 1038 1339 1086 aemulus
1363 1038 1604 1101 Vologesi
1632 1038 1754 1086 filius
1782 1038 1905 1086 Var-

230 1110 404 1166 danes;
454 1118 501 1158 et
545 1109 838 1158 abscessere
876 1107 1105 1157 Armenia
1143 1107 1329 1171 Parthi,
1376 1115 1614 1172 tamquam
1660 1107 1908 1156 differrent

170 1199 211 1235 10
228 1180 422 1229 bellum.

338 1251 386 1300 8.
428 1249 525 1298 Sed
560 1249 686 1313 apud
715 1256 931 1298 senatum
957 1248 1114 1296 omnia
1138 1248 1188 1295 in
1211 1247 1362 1296 maius
1390 1246 1635 1299 celebrata
1661 1253 1768 1296 sunt
1798 1262 1905 1296 sen-

228 1321 388 1369 tentiis
430 1333 623 1382 eorum,
670 1319 749 1383 qui
785 1317 1168 1383 supplicationes
1206 1324 1255 1365 et
1301 1316 1470 1365 diebus
1505 1316 1907 1381 supplicationum

228 1396 414 1438 vestem
446 1389 655 1454 principi
679 1387 1046 1452 triumphalem,
1074 1394 1221 1451 utque
1250 1401 1400 1436 ovans
1429 1386 1594 1436 urbem
1619 1387 1775 1450 iniret,
1804 1386 1906 1435 effi-

228 1461 434 1524 giesque
472 1459 575 1507 eius
613 1458 718 1522 pari
766 1456 1092 1520 magnitudine
1132 1471 1190 1506 ac
1221 1456 1388 1506 Martis
1429 1455 1615 1506 Ultoris
1651 1456 1825 1505 eodem
1861 1456 1908 1503 in

189 1529 408 1594 stemplo
448 1543 714 1590 censuere,
757 1534 954 1591 praeter
994 1534 1178 1575 suetam
1216 1517 1542 1575 adulationem
1590 1525 1732 1589 laeti,
1780 1524 1908 1590 quod

228 1599 486 1648 Domitium
539 1565 868 1647 Corbulonem
923 1595 1205 1645 retinendae
1250 1595 1510 1644 Armeniae
1557 1601 1908 1659 praeposuerat

228 1667 578 1732 videbaturque
613 1667 754 1716 locus
783 1666 1037 1714 virtutibus
1065 1664 1352 1729 patefactus.
1416 1665 1589 1729 copiae
1615 1665 1815 1712 orientis
1841 1666 1906 1712 ita

229 1737 524 1800 dividuntur,
560 1744 612 1784 ut
649 1751 764 1800 pars
797 1735 1095 1784 auxiliarium
1127 1749 1231 1783 cum
1259 1733 1442 1782 duabus
1479 1732 1756 1796 legionibus
1782 1733 1909 1797 apud

229 1808 530 1872 provinciam
576 1806 763 1854 Suriam
806 1812 853 1853 et
887 1804 1101 1867 legatum
1147 1805 1251 1852 eius
1289 1802 1581 1865 Quadratum
1623 1802 1908 1853 Ummidium

170 1898 212 1931 ιο
230 1883 525 1938 remaneret,
566 1890 655 1940 par
691 1875 863 1923 civium
899 1874 1239 1937 sociorumque
1278 1887 1502 1922 numerus
1540 1871 1807 1922 Corbuloni
1834 1887 1906 1920 es·

229 1954 329 2009 set,
370 1945 541 1995 additis
582 1943 865 1994 cohortibus
903 1943 1115 2007 alisque,
1156 1958 1278 2008 quae
1311 1943 1366 1992 in
1392 1941 1705 2007 Cappadocia
1731 1941 1906 1990 hiema-

230 2016 359 2065 hant.
416 2029 539 2064 socu
557 2029 738 2077 reges
768 2020 909 2078 prout
935 2012 1065 2062 bello
1090 2012 1415 2075 conduceret,
1443 2027 1618 2076 parere
1645 2012 1788 2060 iussi.
1820 2010 1908 2060 sed

230 2084 382 2136 studia
410 2099 575 2134 eorum
599 2087 647 2132 in
668 2082 997 2133 Corbulonem
1020 2083 1319 2146 promptiora
1341 2088 1492 2130 erant.
1523 2082 1604 2145 qui
1627 2087 1675 2129 ut
1694 2081 1912 2129 instaret

229 2157 412 2218 famae,
442 2169 565 2219 quae
593 2155 639 2202 in
663 2154 804 2202 novis
832 2153 1024 2216 coeptis
1049 2151 1342 2200 validissima
1365 2158 1466 2214 est,
1494 2151 1666 2203 itinere
1694 2164 1909 2214 propere

173 2244 214 2277 ιε
233 2225 461 2275 confecto
498 2223 624 2287 apud
653 2223 853 2286 Aegeas
895 2223 1138 2270 civitatem
1167 2219 1368 2270 Ciliciae
1400 2188 1592 2268 ob’vium
1618 2218 1909 2280 Quadratum

228 2294 414 2355 habuit,
443 2293 558 2341 illuc
581 2306 923 2356 progressum,
945 2306 1031 2354 ne,
1059 2291 1099 2339 si
1117 2290 1176 2339 ad
1199 2289 1510 2355 accipiendas
1531 2290 1702 2354 copias
1721 2289 1906 2337 Suriam

229 2364 507 2412 intravisset
534 2361 780 2423 Corbu10,
819 2362 1025 2409 οιιιιιίιιιιι
1056 2375 1141 2408 ora
1178 2361 1225 2407 in
1264 2374 1317 2407 se
1350 2366 1565 2407 verteret
1596 2371 1808 2422 corpore
1838 2359 1907 2404 in·

232 2447 382 2497 genS,
418 2430 581 2480 verbis
606 2431 873 2493 magnificis
902 2438 950 2477 et
979 2444 1126 2493 super
1154 2428 1502 2492 experientiam
1530 2427 1907 2493 sapientiamque

234 2504 375 2552 etiam
401 2503 571 2565 specie
597 2501 802 2548 inanium
830 2498 1034 2547 validus.

336 2573 386 2623 9.
425 2570 651 2620 Ceterum
697 2575 900 2633 uterque
944 2567 1003 2616 ad
1040 2568 1343 2630 Vologesem
1383 2581 1552 2630 regem
1594 2565 1767 2614 nuntiis
1805 2571 1905 2612 mo-

236 2642 440 2703 nebant,
482 2654 652 2704 pacem
690 2652 828 2702 quam
863 2637 1040 2686 bellum
1076 2636 1242 2686 mallet
1277 2636 1496 2700 datisque
1521 2633 1767 2685 obsidibus
1794 2633 1915 2681 soli-¹

236 2720 332 2761 tam
359 2710 599 2775 prioribus
625 2709 946 2757 reverentiam
971 2708 1017 2755 in
1047 2706 1275 2772 populum
1300 2706 1562 2755 Romanum
1590 2704 1903 2752 continuaret.

238 2787 287 2827 et
313 2780 616 2842 VologeseS,
651 2792 744 2841 quo
771 2776 951 2824 bellurn
978 2792 1039 2824 ex
1066 2775 1318 2825 commodo
1345 2781 1564 2839 pararet,
1591 2787 1650 2821 an
1674 2779 1724 2820 ut
1749 2787 1904 2820 aemu-

199 2849 431 2900 ulationis
468 2854 727 2911 suspectos
763 2861 850 2910 per
885 2860 1059 2893 nomen
1087 2845 1305 2894 obsidum
1335 2848 1606 2905 amoveret,
1642 2842 1785 2891 tradit
1819 2855 1904 2889 no-

238 2917 500 2965 bilissimos
533 2933 595 2965 ex
623 2915 797 2963 familia
824 2913 1179 2963 Arsacidarum.
1248 2912 1536 2979 accepitque
1573 2925 1660 2959 eos
1689 2911 1904 2959 centurio
