1976 3224
626 174 801 211 LIBER
826 174 887 212 11.
929 173 1052 210 CAP.
1088 170 1289 212 11-16
1724 162 1792 210 47

50 320 57 331 “
119 304 356 354 chriorem
392 302 532 352 aliam
573 302 788 350 manibus
824 303 960 350 aviae
998 300 1249 363 Augustae
1288 315 1559 364 accepisse.
1627 309 1794 349 auctus

118 374 304 436 omine,
341 372 672 422 addicentibus
698 372 956 439 auspiciiS,
993 378 1136 419 vocat
1170 372 1443 419 contionem
1474 378 1522 419 et
1556 385 1679 435 quae
1720 386 1793 419 sa-

117 444 297 509 pientia
325 444 523 507 provisa
549 450 757 507 aptaque
783 442 1024 490 inminenti
1062 456 1254 505 pugnae
1290 440 1498 488 disserit.
1547 454 1643 488 non
1670 455 1792 489 cam·
1811 456 1834 490 5

116 528 208 580 pos
259 512 404 561 modo
443 512 577 561 militi
611 510 845 561 Romano
870 511 929 561 ad
967 510 1204 576 proelium
1237 510 1421 573 boum,
1468 510 1555 559 sed
1594 511 1634 559 si
1671 511 1792 559 ratio

117 584 266 646 adsit,
309 582 456 632 silvas
491 589 540 630 et
577 582 749 638 saltus;
792 597 884 630 nec
913 584 1038 630 enim
1064 582 1278 629 inmensa
1302 580 1615 629 harbarorum
1643 588 1793 644 scuta,

115 654 326 702 enormis
351 652 515 701 hastas
542 653 668 700 inter
691 660 891 701 truncos
923 652 1148 700 arborum
1174 659 1221 699 et
1248 658 1386 699 enata
1417 650 1558 698 humo
1587 651 1795 713 virgulta

113 722 316 789 perinde
360 722 528 771 haberi
581 737 720 786 quam
766 722 863 787 pila
910 729 959 770 et
994 721 1183 785 gladios
1219 728 1267 769 et
1306 720 1555 769 haerentia
1598 721 1795 785 corpori

112 795 340 856 teg-mina.
400 793 659 842 denserent
693 793 840 855 ictuS‚
881 807 966 840 ora
1000 790 1306 840 mucronibus
1343 797 1657 855 quaererent:
1697 805 1794 838 non
1812 811 1855 846 10

110 864 311 914 loricam
339 862 604 925 German0‚
639 876 734 910 non
767 862 985 925 galeam,
1024 877 1085 909 ne
1125 868 1259 909 scuta
1297 860 1487 924 quidem
1523 859 1656 909 ferro
1686 875 1793 908 ner-

110 948 241 983 vove
269 934 452 983 flrmata
468 971 481 996 ,
515 932 603 982 sed
622 933 845 981 viminum
866 939 1027 982 textus
1049 931 1128 979 vel
1158 930 1314 979 tenuis
1342 937 1391 978 et
1415 930 1601 979 fucatas
1626 930 1795 979 colore

111 1003 326 1060 tabulas;
353 1005 552 1069 primam
580 1010 838 1066 utcumque
865 1004 1018 1051 aciem
1053 1001 1316 1063 hastatam,
1354 1000 1533 1057 ceteris
1568 1007 1796 1064 praeusta

111 1081 191 1123 aut
214 1073 382 1122 brevia
406 1073 520 1122 tela.
573 1075 666 1122 iam
696 1087 875 1137 corpus
898 1080 947 1120 ut
973 1073 1078 1120 visu
1107 1079 1295 1120 torvum
1322 1077 1369 1118 et
1397 1069 1456 1118 ad
1482 1070 1683 1118 brevem
1704 1071 1791 1118 ..im—

110 1152 282 1209 petum
311 1143 545 1206 validum,
580 1144 651 1191 sic
684 1143 815 1191 nulla
850 1142 1100 1191 vulnerum
1123 1142 1401 1206 patientia:
1451 1141 1553 1188 sine
1606 1139 1790 1205 pudore
1810 1155 1851 1189 15

110 1214 307 1277 flagitii,
356 1214 459 1261 sine
497 1228 611 1261 cura
649 1212 819 1261 ducum
856 1212 1019 1275 abire,
1068 1212 1267 1274 fugere,
1317 1210 1519 1274 pavidos
1557 1210 1794 1273 adversiS,

111 1285 237 1332 inter
263 1282 477 1332 secunda
501 1298 597 1334 non
625 1282 795 1346 divini,
833 1297 930 1331 non
955 1281 1143 1330 humani
1168 1282 1283 1328 iuris
1310 1295 1566 1329 memores.
1629 1282 1669 1328 si
1695 1287 1794 1328 tae-

112 1354 192 1402 dio
222 1355 401 1402 viarum
431 1368 488 1402 ac
514 1354 657 1402 maris
683 1354 826 1401 finem
852 1354 1072 1417 cupiant,
1114 1351 1206 1400 hac
1233 1351 1338 1399 acie
1368 1351 1555 1415 parari:
1596 1351 1795 1415 propio-

109 1438 214 1473 rem
252 1424 345 1472 iam
370 1423 531 1475 Albim
561 1438 700 1487 quam
727 1423 946 1472 Rhenum
970 1437 1131 1486 neque
1157 1421 1336 1470 bellum
1366 1420 1517 1483 ultra,
1549 1419 1694 1468 modo
1722 1435 1794 1482 se,

112 1495 261 1559 patris
286 1495 540 1558 patruique
564 1494 770 1556 vestigia
796 1500 1119 1558 prementem,
1146 1491 1298 1540 isdem
1317 1491 1364 1538 in
1390 1491 1532 1538 terris
1560 1491 1795 1538 victorem
1811 1504 1855 1538 20

113 1565 355 1613 sisterent.

222 1634 301 1683 15.
343 1633 621 1682 Orationem
657 1634 793 1682 ducis
834 1640 1030 1681 secutus
1066 1631 1264 1680 militum
1300 1630 1471 1693 ardor,
1510 1630 1794 1693 signumque

112 1718 306 1770 pugnae
333 1704 504 1753 datum.
568 1719 661 1752 nec
688 1704 929 1752 Arminius
963 1710 1042 1751 aut
1069 1702 1222 1750 ceteri
1251 1699 1594 1750 Germanorum
1619 1714 1794 1763 proce-

110 1789 194 1823 res
228 1774 507 1823 omittebant
543 1789 658 1822 suos
695 1775 901 1838 quisque
938 1773 1131 1834 testari,
1169 1771 1267 1827 hos
1286 1785 1400 1819 esse
1427 1770 1674 1820 Romanos
1699 1770 1793 1818 Va-

111 1844 234 1892 riani
261 1845 503 1893 exercitus
529 1845 893 1907 fugacissimos⁷
932 1844 1012 1907 qui
1038 1857 1100 1889 ne
1126 1841 1305 1889 bellum
1334 1841 1629 1902 tolerarent,
1669 1838 1794 1888 sedi-

112 1914 290 1961 tionem
317 1913 580 1969 induerint;
610 1927 809 1976 quorum
838 1928 950 1977 pars
983 1919 1153 1960 onusta
1183 1910 1461 1958 vulneribus
1485 1917 1652 1973 terga,
1681 1924 1794 1974 pars
1813 1920 1835 1952 5

112 1982 335 2031 fluctibus
372 1990 419 2030 et
463 1983 698 2046 procellis
736 1983 923 2030 fractos
959 1988 1087 2031 artus
1115 1981 1315 2028 infensis
1342 1994 1528 2028 rursum
1553 1979 1794 2041 hostibuS‚

113 2052 332 2101 adversis
350 2053 423 2101 dis
453 2051 690 2114 obiciant,
721 2052 848 2101 nulla
876 2051 991 2100 boni
1016 2066 1122 2115 spe.
1175 2050 1380 2098 classem
1410 2051 1589 2113 quippe
1616 2056 1664 2096 et
1690 2049 1796 2097 avia

47 2154 50 2155 ν
115 2122 297 2171 Oceani
335 2124 577 2188 quaesita,
618 2138 678 2170 ne
716 2123 822 2186 quis
860 2120 1159 2170 venientibus
1187 2126 1493 2182 occurreret,
1538 2133 1598 2166 ne
1627 2117 1796 2183 pulsos

114 2201 384 2258 premeret:
422 2192 508 2241 sed
546 2191 625 2240 ubi
665 2193 942 2240 miscuerint
967 2206 1158 2252 manuS‚
1197 2191 1337 2238 inane
1374 2190 1516 2237 victis
1541 2195 1795 2236 ventorum

113 2275 416 2311 remorumve
448 2261 721 2310 subsidium.
775 2262 1103 2310 meminissent
1131 2259 1274 2308 modo
1309 2260 1566 2320 avaritiae,
1590 2257 1794 2306 crudeli·
1813 2275 1855 2309 10

113 2333 252 2395 tatis,
292 2331 575 2398 superbiae:
617 2332 743 2381 aliud
772 2332 862 2380 sibi
892 2332 1127 2396 reliquum
1156 2345 1293 2395 quam
1318 2337 1487 2378 tenere
1523 2327 1795 2376 libertatem

114 2408 193 2451 aut
222 2403 343 2451 mori
369 2413 478 2451 ante
504 2401 784 2451 servitium?

222 2472 302 2522 16.
343 2473 424 2521 Sic
458 2487 696 2521 accensos
724 2480 771 2521 et
807 2472 1044 2537 proelium
1074 2476 1334 2535 poscentes
1361 2471 1406 2517 in
1434 2482 1681 2531 campum,
1721 2467 1796 2514 cui

115 2540 368 2591 Idisiaviso
395 2555 568 2590 nomen
586 2579 599 2604 ‚
627 2541 883 2590 deducunt.
933 2543 973 2589 is
1000 2541 1184 2589 medius
1211 2541 1333 2588 inter
1350 2539 1595 2599 Visurgim
1627 2543 1674 2584 et
1696 2535 1794 2584 col-

115 2611 212 2675 leS,
248 2619 299 2661 ut
332 2613 468 2677 ripae
507 2612 710 2660 fluminis
751 2611 924 2659 cedunt
960 2619 1039 2659 aut
1078 2610 1396 2674 prominentia
1424 2607 1649 2655 montium
1675 2606 1793 2653 resi-

115 2688 266 2744 stunt,
301 2682 616 2746 inaequaliter
652 2683 878 2729 sinuatur.
946 2695 1076 2744 pone
1112 2687 1301 2740 tergum
1340 2675 1622 2739 insurgebat
1654 2675 1793 2738 silva,

115 2750 255 2799 editis
295 2752 342 2799 in
377 2751 519 2800 altum
570 2752 713 2818 ramis
754 2758 801 2798 et
835 2765 951 2814 pura
990 2749 1130 2797 humo
1173 2749 1294 2795 inter
1329 2746 1552 2795 arborum
1580 2753 1835 2794 truncos.5

116 2834 334 2885 campum
379 2829 426 2869 et
462 2823 612 2886 prima
649 2820 874 2869 silvarum
912 2818 1118 2867 barbara
1152 2819 1285 2866 acies
1324 2812 1516 2864 tenuitz‘
1539 2815 1631 2864 soli
1670 2814 1792 2864 Che-

112 2891 243 2938 rusci
279 2891 392 2954 iuga
429 2891 679 2953 insedere,
727 2897 776 2939 ut
818 2887 1165 2955 proeliantibus
1203 2887 1432 2937 Romanis
1469 2885 1679 2950 desuper
1726 2885 1794 2932 in-
