1976 3224
794 172 967 207 LIBER
997 172 1056 208 11.
1694 161 1758 210 41

140 308 294 340 torum.
355 300 573 352 Astrologi
600 306 639 339 et
659 300 775 352 magi
796 312 848 338 ex
873 300 994 339 Italia
1014 300 1139 353 pulsi.
1186 299 1256 341 33.
1277 300 1424 340 Luxus
1443 300 1637 354 publicus
1660 300 1765 341 levi-

141 364 205 396 ter
225 358 451 405 coercitus,
490 369 613 408 quem
644 356 832 396 defendit
853 356 1040 400 Asinius.
1094 356 1164 398 34.
1181 357 1369 411 ,Pisonis
1398 357 1593 407 libertas,
1626 357 1765 410 Urgu-

141 414 279 454 laniae
300 414 500 467 potentia.
555 413 626 455 35.
650 413 711 453 De
732 413 858 453 rebus
879 413 1146 466 proferendis
1170 420 1379 453 certamen
1402 415 1445 454 in
1468 420 1632 454 senatu.
1691 413 1763 455 36.

140 471 282 511 Asinii
311 472 517 511 sententia
547 471 599 510 de
631 471 832 519 comitiis,
865 482 890 509 a
910 470 1076 511 Tiberio
1104 471 1274 510 reiecta.
1335 470 1406 511 37.
1430 470 1501 512 38.
1523 471 1684 512 Hortali
1703 471 1763 510 le-

139 534 382 568 vamentum
408 528 576 581 inopiae
598 540 699 568 suae
719 529 932 580 poscentis
950 529 1181 568 orationem
1202 540 1353 580 aspere
1374 529 1531 582 excipit
1552 528 1766 576 Tiberius,

138 592 279 625 tamen
302 585 445 626 liberis
474 585 565 624 eius
602 584 791 624 nonnihil
827 585 1022 638 largitur.
1074 584 1147 627 39.
1177 584 1404 625 Clementis
1438 586 1549 625 servi
1579 585 1761 626 facinus.
1800 615 1824 632 .-

139 643 182 683 Is
221 643 467 682 Postumum
486 642 723 695 Agrippam
746 654 792 681 se
815 643 1015 682 mentitus
1049 642 1230 696 principi
1262 653 1406 681 curam
1432 642 1572 691 inicit,
1594 642 1666 682 40.
1689 641 1763 681 sed

141 697 328 739 Sallustii
359 698 496 752 Crispi
535 698 631 739 dolo
653 705 799 752 captus
823 699 1039 739 occiditur.
1089 699 1162 739 41.
1186 699 1347 738 Romae
1369 699 1616 739 dedicantur
1651 710 1763 738 nova

141 767 288 809 opera.

226 827 350 867 Anno
369 827 562 880 proximo
579 826 810 880 triumphat
830 826 1116 867 Germanicus.
1154 828 1224 867 42.
1249 826 1481 867 Archelaus
1502 839 1579 867 rex
1600 825 1765 880 Cappa-

139 884 289 924 docum
307 884 350 923 iu
371 885 518 924 urbem
539 885 696 924 accitus
717 885 841 936 perit.
893 882 964 924 43.
988 882 1136 924 Oriens
1157 884 1350 924 turbatus
1372 884 1644 929 committitur
1662 882 1767 923 Ger-

138 942 327 991 manico,
346 942 505 991 Pisoni,
523 940 655 981 feroci
674 940 849 991 homini,
871 939 1005 980 Suria.
1027 939 1102 981 44.
1118 941 1310 981 Drusus
1300 953 1344 980 1n
1363 941 1574 993 Illyricum
1590 941 1763 989 missus,

139 996 291 1039 Suebis
322 1005 466 1038 contra
497 997 731 1039 Cheruscos
755 972 959 1038 auxilium
983 998 1239 1051 petentibus.
1292 997 1365 1038 45.
1395 999 1458 1038 Ita
1478 998 1586 1037 inter
1609 1010 1656 1038 se
1677 997 1763 1037 dis-

139 1056 287 1098 cordes
310 1054 506 1096 Germani
537 1056 814 1109 accinguntur
845 1055 899 1095 ad
928 1067 1130 1109 pugnam.
1191 1055 1373 1095 Arminii
1402 1047 1465 1094 ad
1489 1067 1590 1095 suos
1614 1055 1763 1094 oratio.

137 1111 208 1154 46.
231 1112 478 1153 Marobodui
494 1113 591 1153 item
610 1086 682 1152 ado
681 1125 795 1152 suos.
837 1111 974 1151 Atrox
991 1113 1213 1166 proelium,
1235 1112 1520 1152 Maroboduus
1537 1124 1614 1164 pro
1637 1111 1762 1151 victo.

136 1170 209 1210 47.
231 1169 302 1210 48.
325 1169 480 1210 Terrae
498 1177 636 1209 motus
658 1170 701 1209 in
724 1168 842 1208 Asia.
863 1169 924 1209 Eo
945 1167 1126 1209 afflictos
1148 1170 1340 1210 sublevat
1359 1169 1569 1217 Tiberius,
1592 1169 1635 1208 in
1655 1168 1766 1207 alios

138 1238 223 1267 non
237 1227 377 1266 minus
395 1227 594 1266 liberalis.
616 1226 686 1267 49
704 1226 878 1278 Templa
897 1227 1103 1277 quaedam
1121 1227 1326 1266 dedicata.
1360 1225 1429 1266 50.
1457 1224 1616 1266 Varilia
1632 1225 1767 1265 maie·

140 1285 260 1324 statis
282 1284 507 1338 postulata.
553 1282 623 1324 51.
646 1283 707 1323 De
723 1290 916 1336 praetore
934 1283 1230 1324 substituendo
1249 1283 1474 1323 contentio.
1518 1282 1587 1323 52.
1611 1281 1765 1322 Tacfa-

137 1341 316 1380 rinatem
347 1346 386 1380 et
407 1340 647 1394 Mazippam
681 1340 834 1380 bellum
873 1340 916 1380 in
944 1339 1092 1380 Africa
1119 1346 1338 1381 moventes
1374 1339 1516 1380 fundit
1548 1339 1765 1381 Camillus

140 1396 428 1451 Triumphalia
449 1398 489 1437 ei
510 1397 691 1437 decreta.
1446 1442 1483 1450 ,,,,,
1493 1439 1611 1483 N

226 1482 295 1525 53.
317 1459 552 1523 Germanici
573 1483 689 1522 varia
709 1483 871 1522 itinera.
913 1481 984 1522 54.
1008 1482 1227 1523 Consulit
1217 1495 1260 1522 1n
1280 1483 1418 1523 reditu
1428 1452 1781 1535 ΟΙειιὶωῐΓᾸΡοΙψ.

136 1541 280 1581 linem.
338 1539 503 1580 Oraculi
534 1540 656 1579 ratio.
709 1539 779 1580 55.
814 1539 910 1579 Piso
945 1543 985 1578 et
1013 1551 1121 1579 uxor
1143 1539 1344 1579 Plancina
1367 1538 1659 1579 Germanicum
1697 1540 1763 1578 in-

138 1597 532 1645 sectantur3etia1n
556 1603 693 1637 castra
717 1601 1003 1649 corrumpunt.
1056 1595 1127 1636 56.
1151 1595 1425 1637 Germanicus
1448 1596 1674 1636 Armeniae
1695 1607 1763 1635 re-

139 1667 260 1709 gem,
288 1653 579 1707 Cappadociae
603 1660 643 1694 et
666 1653 974 1706 Commagenae
994 1653 1160 1707 legatos
1181 1654 1370 1707 imponit.
1411 1652 1481 1694 57.
1507 1653 1674 1693 Pisonis
1697 1653 1763 1691 in-

139 1713 319 1752 solentia
350 1713 394 1751 in
422 1723 678 1764 congressu,
710 1711 885 1751 consilio
905 1741 915 1761 ‚
948 1710 1168 1751 conviviis.
1222 1710 1292 1751 58.
1316 1711 1518 1751 Vonones
1545 1709 1667 1750 Suria
1689 1709 1765 1749 de-

138 1775 296 1810 motus.
342 1768 412 1810 59.
437 1766 708 1809 Germanicus
735 1768 979 1821 Aegyptum
1002 1767 1138 1821 petit,
1171 1768 1435 1821 improbante
1455 1766 1636 1806 Tiberio.
1690 1764 1764 1806 60.

141 1826 351 1878 Canopus.
393 1825 562 1865 Thebae
579 1826 756 1878 priscae.
800 1825 870 1865 61.
894 1823 1041 1864 Statua
1061 1823 1311 1874 Memnonis,
1335 1825 1577 1878 pyramides
1601 1829 1641 1863 et
1664 1823 1760 1862 alia.

140 1882 210 1925 62.
241 1881 544 1922 Germanorum
582 1882 842 1931 discordiae,
878 1887 972 1922 astu
992 1881 1134 1921 Drusi.
1186 1882 1255 1923 63.
1301 1881 1587 1922 Maroboduus
1620 1880 1660 1919 vi
1684 1879 1763 1920 Ca-

139 1940 308 1980 tualdae
328 1939 478 1992 pulsus
497 1937 689 1991 confugit
709 1939 762 1978 ad
782 1939 1006 1978 Romanos.
1039 1937 1198 1978 Eadem
1214 1951 1315 1978 mox
1333 1938 1502 1978 fortuna
1517 1937 1758 1978 Catualdae.

141 1996 212 2038 64.
235 1995 521 2048 Rhescuporis
535 2026 546 2045 ‚
575 1994 704 2047 Cotye
725 1995 868 2035 fratris
894 1994 978 2034 filio
1002 2006 1206 2047 oppresso
1222 2026 1234 2045 ,
1256 1996 1488 2036 Romanam
1511 1994 1761 2033 divisionem

142 2064 370 2107 egressus,
397 2052 509 2091 illius
529 2059 689 2105 partem
714 2053 885 2104 appetit.
932 2050 1002 2091 65.
1026 2052 1123 2103 Ipso
1147 2065 1223 2105 per
1244 2052 1437 2092 fraudem
1459 2049 1766 2102 comprehenso

141 2111 384 2151 universam
407 2108 626 2148 Thraciam
658 2114 845 2161 occupat.
905 2107 976 2148 66.
1013 2108 1117 2147 Hinc
1147 2115 1319 2149 vocatus
1352 2108 1406 2148 ad
1427 2119 1596 2147 causam
1618 2107 1763 2146 dicen-

143 2168 241 2208 dam
268 2165 402 2218 Cotyn
424 2166 585 2207 occidit.
633 2166 702 2207 67.
725 2166 901 2206 Romam
920 2165 1147 2217 perductus
1170 2174 1209 2206 et
1230 2167 1466 2206 damnatus.
1521 2163 1591 2206 68.
1618 2163 1762 2204 Vono-

142 2237 218 2265 nes
239 2223 387 2276 fugam
408 2228 563 2270 tentat3
587 2228 628 2263 at
647 2222 936 2276 deprehensus
958 2221 1211 2263 confoditur.
1245 2222 1314 2264 69.
1328 2221 1599 2262 Germanicus
1609 2231 1762 2274 aegro-

141 2288 226 2331 tat,
249 2280 431 2330 scelere,
463 2286 510 2320 ut
528 2280 709 2321 creditur
724 2310 734 2330 ‚
770 2279 936 2321 Pisonis
952 2309 962 2328 ‚
1017 2278 1086 2319 70.
1118 2279 1186 2318 cui
1208 2279 1434 2319 amicitiam
1459 2278 1671 2321 renuntiat
1687 2288 1764 2317 ve-

141 2344 230 2378 tere
261 2349 390 2378 more.
443 2337 513 2380 71.
548 2338 618 2378 72.
654 2337 850 2377 Mandata
880 2335 1156 2376 familiaribus
1188 2338 1346 2376 ultione
1376 2336 1568 2388 datisque
1589 2331 1762 2385 coniugi

141 2395 310 2435 monitis
343 2395 532 2434 moritur.
587 2394 657 2435 73.
692 2393 934 2434 Alexandro
966 2393 1121 2446 Magno
1154 2399 1420 2447 comparatus
1460 2399 1499 2432 et
1528 2393 1759 2446 praelatus·

143 2452 212 2492 74.
253 2450 426 2492 Sentius·
455 2449 600 2491 Suriae
628 2450 879 2505 praeficitur.
932 2450 1000 2490 75.
1030 2451 1267 2504 Agrippina
1297 2456 1494 2504 properat
1523 2453 1566 2491 in
1598 2449 1758 2488 urbem.

141 2507 287 2548 Pisoni
309 2507 543 2548 Germanici
564 2520 665 2549 casu
688 2507 913 2548 exsultanti
934 2508 1115 2547 reditum
1133 2509 1176 2547 in
1199 2506 1361 2547 Suriam
1385 2507 1602 2547 dissuadet
1627 2505 1762 2549 filius3

143 2565 214 2605 77.
239 2565 308 2606 78.
349 2563 498 2605 suadet
529 2571 674 2605 contra
697 2564 903 2604 Domitius
924 2563 1042 2604 Celer
1074 2576 1122 2603 ac
1157 2564 1397 2617 persuadet.
1457 2563 1525 2603 79.
1550 2562 1646 2601 Piso
1678 2561 1758 2599 vim

143 2633 299 2676 paraus
336 2622 379 2661 in
405 2632 692 2661 successorem
714 2619 902 2661 Sentium
926 2621 1090 2660 obviam
1110 2620 1155 2660 fit
1176 2621 1452 2673 Agrippinae.
1504 2619 1575 2659 80.
1603 2617 1761 2659 Castel-

143 2679 231 2718 lum
252 2684 449 2732 occupat‚
472 2679 605 2718 aciem
626 2678 766 2718 struit.
790 2677 866 2717 sed
885 2676 1054 2729 pellitur
1074 2690 1099 2716 a
1121 2675 1278 2718 Sentio.
1324 2676 1394 2716 81.
1417 2676 1603 2715 Tandem
1627 2681 1763 2714 tutum

145 2736 184 2775 ei
217 2735 296 2776 iter
332 2736 508 2776 Romam
546 2735 802 2774 conceditur.
858 2727 932 2775 82.
971 2733 1031 2772 Ibi
1064 2745 1220 2785 magna
1255 2733 1306 2772 ob
1345 2745 1488 2773 necem
1525 2732 1760 2772 Gennanici

146 2792 210 2831 ira
241 2799 281 2833 et
325 2793 477 2834 luctus.
545 2790 614 2832 83.
652 2791 841 2830 Honores
874 2791 914 2829 ei
954 2789 1122 2830 decreti.
1186 2788 1255 2830 84.
1284 2789 1401 2829 livia
1427 2789 1562 2830 Druso
1601 2789 1759 2843 gemel—

37 2828 44 2854 Γ
80 2878 86 2880 ⁷
147 2847 211 2888 los
247 2850 372 2903 parit.
413 2847 503 2891 85.
532 2847 644 2888 Scita
676 2848 717 2887 in
741 2846 954 2886 libidinem
981 2846 1216 2886 mulierum.
1260 2846 1387 2886 Pulsa
1410 2858 1530 2886 sacia
1550 2846 1762 2900 Aegyptia

28 3106 73 3224 gaz»-
35 3019 56 3098 »ες
39 3004 42 3005 =

147 2910 189 2945 et
205 2905 389 2946 Iudaica.
410 2896 512 2966 86.
536 2905 665 2959 Capta
683 2904 880 2944 Vestalis.
926 2902 996 2944 87.
1027 2903 1251 2943 Frumento
1276 2904 1456 2957 pretium
1474 2905 1761 2944 constitutum.
