1982 3216
605 178 1061 222 COMMENTARIUS
1102 182 1380 238 CRITIQUS.
1762 183 1846 222 VII

140 323 300 375 gestus
329 317 406 374 (1,
433 317 539 373 35),
565 316 790 374 adgredi,
827 328 1057 374 nusquam
1084 328 1316 372 aggerare
1351 319 1433 360 etc.
1468 314 1476 374 Ι
1508 320 1536 362 2
1568 315 1670 362 eius
1699 329 1845 375 usque
1892 351 1903 368 ,

142 388 213 431 Bz
246 391 290 431 et
329 386 394 431 W
421 387 575 445 (quem
602 400 648 442 1v.
686 387 733 430 in
776 399 822 430 n.
863 399 971 430 ann.
1007 384 1093 444 ph.
1131 389 1177 428 et
1202 385 1348 444 paed.
1388 390 1470 443 52,
1506 388 1611 441 38):
1652 384 1846 444 eiusque

144 453 317 516 (usque
350 454 421 517 B)
475 450 485 520 Ι
530 456 653 502 victa
686 456 759 501 Bz
797 457 845 500 in
880 455 1068 500 observ,
1095 454 1204 499 Tac,
1239 451 1433 516 (1840),
1476 455 1559 500 sed
1590 460 1755 514 postea
1798 456 1847 500 in

140 525 334 570 Emend.
360 526 532 571 delectu
557 526 716 579 (1844)
743 524 856 570 victi
889 518 898 589 Ι
932 522 997 570 20
1016 559 1028 582 ,
1055 530 1082 573 3
1113 524 1330 584 accipere
1364 520 1371 586 Ι
1411 531 1464 573 11
1491 524 1693 571 intentus
1726 521 1781 584 (i.
1806 537 1845 570 e.

139 607 352 653 severus,
383 595 599 655 diliyens‚
627 601 675 639 ut
702 600 778 651 11,
814 599 869 642 18
892 601 934 640 et
959 600 1038 650 12,
1069 598 1125 640 42
1163 594 1387 639 intentior
1422 594 1694 653 disciplina)
1723 595 1777 641 H
1806 597 1849 640 et

152 663 450 710 Vertranius:
488 665 612 710 intus
652 666 807 719 (vetus
842 664 903 720 L)
937 659 946 728 Ι
980 661 1073 720 21,
1109 668 1134 711 7
1165 664 1295 710 cuius
1325 663 1522 722 quisque
1547 664 1622 708 Bz

281 729 374 793 22,
399 740 426 785 9
454 733 692 791 ablegeris
725 727 732 796 Ι
768 739 822 780 12
850 734 899 779 hi
929 734 992 779 L.-
1023 733 1058 778 ii

279 799 373 862 23,
400 810 423 852 1
451 803 726 860 incedebat,
754 815 839 848 em.
865 803 910 848 R
946 798 952 868 Ι
985 809 1040 851 12
1065 803 1211 847 caedo
1245 797 1251 865 Ι
1286 803 1406 848 facta
1432 802 1556 849 uitae

280 869 373 932 25,
410 879 434 920 1
470 873 657 929 introit,
697 884 780 917 em.
809 874 875 923 L‚·
908 873 1066 932 forma
1092 871 1271 917 introiit
1296 877 1363 917 est
1385 878 1438 929 1,
1473 877 1552 925 53;
1589 876 1643 930 4,
1673 876 1756 925 7l;
1791 876 1845 930 6,

139 946 219 995 27;
275 948 358 999 15,
383 947 462 996 653
491 942 556 1001 cf.
584 944 718 987 etiam
742 942 804 986 ad
830 947 883 998 6,
912 949 968 991 29
1003 939 1009 1007 Ι
1042 948 1067 991 5
1095 941 1383 987 sedtulerant

279 1008 371 1070 26,
399 1017 427 1059 2
453 1011 632 1058 orditur
664 1012 910 1057 dimisione
950 1006 958 1076 Ι
1004 1019 1059 1060 10
1085 1011 1142 1057 ad
1167 1024 1218 1056 se
1245 1011 1335 1056 nisi
1361 1011 1404 1055 -L
1445 1005 1454 1075 Ι
1487 1017 1542 1060 13
1566 1011 1845 1069 indicantur,

136 1081 220 1126 sed
243 1095 296 1127 ca
320 1083 366 1126 in
387 1094 560 1127 rasura
594 1075 600 1144 Ι
634 1078 700 1127 27
718 1115 730 1138 ,
756 1086 783 1128 2
811 1087 1081 1128 occurrerat
1104 1080 1161 1124 M

276 1146 372 1208 28,
404 1156 432 1197 2
475 1151 603 1196 claro
640 1155 834 1210 repente
870 1152 933 1195 L.-
979 1152 1182 1197 clamore
1221 1150 1358 1208 plena
1399 1147 1554 1211 (claro
1601 1151 1738 1209 plena
1792 1150 1854 1195 W

137 1221 237 1266 coll.
265 1220 355 1266 Cio.
395 1221 451 1267 de
474 1219 597 1277 Rep.
635 1227 688 1276 1,
718 1227 799 1277 15,
827 1221 953 1266 claro
987 1221 1124 1279 plane
1149 1216 1248 1279 Bz)
1296 1213 1304 1282 Ι
1345 1225 1372 1268 3
1398 1220 1552 1277 asuis,
1586 1233 1671 1265 em.
1707 1221 1753 1264 F
1778 1213 1787 1285 Ι
1819 1225 1847 1267 4

138 1289 196 1334 ad
226 1303 344 1347 quae
370 1293 625 1348 pergerent
652 1289 711 1342 Ο,
740 1303 830 1347 quo
857 1304 900 1348 p.
934 1290 1007 1346 H,
1037 1302 1274 1336 cessurum
1308 1303 1396 1348 qua
1421 1305 1464 1349 p.
1493 1290 1560 1347 Ν,
1589 1304 1706 1348 quae
1737 1303 1846 1348 per-

138 1363 332 1416 agerent
369 1358 432 1416 P,
477 1349 594 1416 qnae
623 1363 845 1416 gererent
870 1359 915 1403 R
936 1394 946 1413 ,
982 1363 1344 1418 quae-peterent
1370 1359 1434 1404 Ri
1473 1358 1480 1419 Ι
1524 1367 1580 1408 10
1615 1359 1806 1419 potandi
1837 1354 1842 1417 Ι

138 1427 404 1484 aduersari,
429 1440 510 1473 em.
538 1427 582 1472 R
614 1421 623 1491 Ι
657 1432 712 1475 14
737 1427 772 1472 ii
798 1428 863 1472 L.-
890 1429 935 1472 in
961 1425 1033 1489 (hi
1070 1425 1296 1488 Weilcert)

277 1491 370 1556 30,
398 1501 424 1545 7
451 1498 751 1557 reptabantur
783 1490 791 1561 Ι
824 1503 878 1546 15
907 1498 1217 1544 consederant
1240 1497 1307 1552 R,
1351 1502 1400 1542 at
1428 1512 1469 1543 v.
1496 1504 1550 1555 3,
1580 1504 1634 1547 61
1669 1497 1845 1543 inside-

138 1571 266 1622 rant,
291 1571 372 1623 16,
397 1571 451 1615 27
478 1567 710 1619 insidere;
747 1566 880 1612 habet
901 1571 1052 1612 tamen
1076 1567 1201 1612 Med.
1232 1570 1364 1612 etiam
1394 1568 1623 1626 praesidit
1653 1574 1702 1624 l,
1726 1571 1782 1615 76
1806 1571 1849 1611 et

136 1635 423 1694 praesidisse
453 1641 506 1693 6,
539 1640 621 1691 47,
649 1642 691 1681 et
714 1638 832 1682 alter
858 1636 983 1681 Med.
1019 1637 1292 1696 praesidere
1327 1642 1412 1694 12,
1447 1642 1520 1686 56.
1578 1638 1650 1696 Cf.
1685 1637 1847 1682 Haase

137 1704 202 1749 ad
225 1703 415 1763 Reisigyii
445 1705 625 1750 scholas
650 1706 702 1751 L.
725 1706 778 1752 L.
794 1720 849 1765 p.
877 1711 964 1755 258
989 1710 1032 1751 et
1063 1707 1124 1752 W
1152 1710 1198 1751 in
1236 1721 1283 1751 η.
1318 1720 1427 1751 ann.
1459 1707 1576 1765 phil.
1603 1712 1646 1752 et
1670 1720 1721 1765 p.
1760 1707 1843 1751 vol.

136 1778 218 1831 52,
243 1778 301 1823 28
331 1768 341 1837 Ι
373 1771 458 1832 31,
486 1782 507 1822 1
549 1775 696 1820 isdem
722 1776 781 1821 de
818 1775 971 1821 causis
998 1775 1216 1836 Spenyel,
1245 1782 1295 1822 ut
1317 1781 1385 1821 est
1407 1781 1459 1834 4,
1486 1782 1554 1826 62
1573 1777 1759 1823 diversa
1788 1777 1846 1821 de

138 1856 304 1900 causa,
331 1848 386 1898 6,
411 1849 440 1892 8
465 1844 630 1903 quihus
657 1846 715 1891 de
742 1845 924 1902 causiS,
952 1845 1016 1890 H.
1045 1851 1100 1904 4,
1128 1851 1183 1895 26
1210 1847 1371 1892 eadem
1397 1847 1454 1892 de
1486 1861 1653 1904 eausa,
1679 1847 1762 1891 sed
1783 1845 1844 1890 H.

138 1919 190 1969 1,
214 1917 271 1961 72
297 1912 561 1971 disparibus
587 1914 742 1960 causis
776 1909 783 1978 Ι
815 1918 845 1963 4
869 1916 1085 1961 tracturis
1111 1917 1158 1962 F
1169 1938 1179 1961 .-
1208 1921 1439 1962 tracturus
1475 1910 1484 1980 Ι
1515 1924 1568 1965 15
1602 1916 1844 1976 impellere

137 1981 200 2037 Α,
245 1995 519 2040 quamquam
563 1995 622 2027 ne
663 1985 756 2040 ipsi
796 1984 975 2043 quidem
1015 1984 1209 2044 implere
1250 1986 1428 2045 falsum
1474 1986 1734 2035 videbatur,-
1778 1985 1845 2043 cf.

138 2050 349 2095 Muelzell
380 2052 443 2095 ad
467 2051 591 2097 Gurt.
616 2066 672 2110 p.
701 2057 800 2101 321.
838 2048 844 2114 Ι
878 2049 974 2110 32,
1001 2061 1026 2101 5
1063 2056 1315 2112 sexagenis
1340 2056 1388 2101 C.
1421 2056 1470 2101 G.
1495 2056 1661 2114 Zumpt
1670 2074 1684 2105 ‚·
1716 2061 1763 2099 at
1801 2068 1842 2099 v.

137 2119 275 2178 Nipp.
311 2114 318 2182 Ι
351 2125 406 2168 12
427 2121 641 2180 patifecit
671 2115 682 2186 Ι
715 2127 770 2170 16
796 2136 883 2167 nec
910 2122 1115 2168 Grotius.-
1140 2125 1204 2169 nil
1234 2120 1336 2183 (vel
1366 2124 1410 2168 R
1429 2125 1569 2183 prob.
1589 2125 1774 2170 Handio
1797 2125 1845 2168 in

139 2188 275 2234 Pars.
296 2189 375 2246 IV,
402 2194 516 2248 140,
555 2196 633 2236 aut
667 2192 713 2235 J.
739 2191 803 2236 H.
828 2191 962 2237 Nolle
973 2210 990 2243 ;
1026 2193 1102 2238 He
1132 2208 1197 2239 vv.
1223 2207 1372 2252 neque
1404 2194 1592 2240 disiecti
1619 2195 1845 2250 inclusit)‚·

135 2259 364 2303 lectionem
401 2260 567 2304 codicis
615 2261 701 2306 Wr
740 2259 872 2305 haud
901 2263 1060 2308 inscite
1100 2265 1220 2307 tueri
1255 2267 1444 2308 conatus
1477 2269 1544 2309 est
1551 2283 1566 2315 ;
1611 2264 1674 2322 cf.
1709 2266 1843 2308 etiam

133 2328 176 2373 J.
208 2327 255 2373 0.
287 2327 415 2373 Jahn
447 2331 494 2373 in
521 2343 568 2373 n.
604 2343 716 2374 ann.
740 2330 862 2387 phil.
888 2336 934 2376 et
954 2346 1010 2388 p.
1042 2334 1126 2378 vol.
1152 2338 1234 2389 33,
1260 2337 1317 2382 86
1443 2367 1463 2412 [
1506 2365 1517 2376 .

274 2393 368 2455 33,
401 2403 427 2447 9
449 2399 503 2444 ab
536 2398 614 2443 W.-
644 2400 702 2445 ad
733 2392 743 2464 Ι
776 2396 841 2446 34
859 2433 872 2457 ,
900 2406 926 2447 2
947 2414 1092 2459 seque
1122 2407 1167 2447 et
1190 2402 1287 2447 He.-
1314 2416 1459 2461 seque
1479 2402 1629 2446 codex
1651 2402 1717 2445 sic
1741 2413 1843 2446 cum

134 2467 323 2523 uncino,
356 2468 478 2526 quod
501 2468 676 2514 videtur
703 2470 1017 2528 compendium
1037 2473 1304 2530 particulae
1329 2477 1398 2524 et;
1429 2471 1671 2529 Sequanos
1702 2470 1768 2522 B,
1795 2474 1845 2515 ut

133 2536 260 2594 vulyo
294 2535 468 2594 editur,
506 2538 604 2581 sine
634 2539 729 2583 ulla
756 2538 1089 2597 probabilitate.
1156 2540 1216 2585 In
1243 2542 1429 2586 lectione
1461 2545 1648 2598 recepta
1678 2540 1844 2584 dicitur

136 2603 436 2654 Germanicus
467 2618 516 2650 se
546 2617 767 2666 suamque
805 2608 1033 2654 cohortem
1068 2612 1114 2654 in
1143 2610 1281 2656 verba
1311 2610 1480 2655 Tiberii
1517 2610 1746 2667 adeyisse,
1786 2621 1843 2653 ne

131 2674 241 2730 quid
268 2686 330 2720 ex
361 2687 460 2720 sese
501 2674 622 2720 Galli
653 2683 911 2734 sperarent.
969 2677 1083 2736 Ipse
1124 2679 1370 2738 aliquando
1407 2681 1714 2723 conieceram:
1754 2678 1842 2724 Se-

133 2754 370 2802 nonesque
396 2745 634 2803 proximos
659 2750 738 2791 etc.
791 2740 799 2810 Ι
845 2743 941 2804 35,
966 2753 994 2796 3
1019 2749 1265 2806 uniuersa,
1293 2761 1378 2793 em.
1403 2748 1443 2793 L
1487 2749 1493 2804 Ι
1544 2755 1600 2797 13
1628 2748 1840 2794 omnibus

133 2802 222 2873 {⁴14
247 2818 481 2872 promptas
506 2828 583 2860 res
622 2816 706 2859 Wr
728 2815 854 2871 (coll.
880 2821 960 2872 12,
995 2822 1048 2863 12
1076 2817 1252 2862 Carene
1294 2822 1529 2876 promptas
1563 2832 1641 2864 res
1681 2821 1840 2863 osten-

133 2877 306 2941 tante):
341 2888 578 2941 promptas
618 2881 880 2943 (promptos
920 2885 987 2941 R,
1018 2891 1229 2945 prompta
1256 2887 1323 2942 Η,
1360 2893 1599 2945 promptos
1626 2901 1679 2932 se
1710 2886 1755 2930 J.
1790 2886 1834 2931 C.
