<?xml version="1.0" encoding="UTF-8"?>
<!DOCTYPE html PUBLIC "-//W3C//DTD XHTML 1.0 Transitional//EN"
    "http://www.w3.org/TR/xhtml1/DTD/xhtml1-transitional.dtd">
<html xmlns="http://www.w3.org/1999/xhtml" xml:lang="en" lang="en">
 <head>
  <title>
</title>
<meta http-equiv="Content-Type" content="text/html;charset=utf-8" />
  <meta name='ocr-system' content='tesseract 3.04.00' />
  <meta name='ocr-capabilities' content='ocr_page ocr_carea ocr_par ocr_line ocrx_word'/>
</head>
<body>
  <div class='ocr_page' id='page_1' title='image "./libriquisupersun01taciuoft_0309.png"; bbox 0 0 1976 3224; ppageno 0'>
   <div class='ocr_carea' id='block_1_1' title="bbox 468 187 1697 237">
    <p class='ocr_par' dir='ltr' id='par_1_1' title="bbox 468 187 1697 237">
     <span class='ocr_line' id='line_1_1' title="bbox 468 187 1697 237; baseline 0.004 -5"><span class='ocrx_word' id='word_1_1' title='bbox 468 195 643 232; x_wconf 77' lang='lat' dir='ltr'>LIBER</span> <span class='ocrx_word' id='word_1_2' title='bbox 668 195 794 234; x_wconf 84' lang='lat' dir='ltr'>xm.</span> <span class='ocrx_word' id='word_1_3' title='bbox 837 195 960 233; x_wconf 84' lang='lat' dir='ltr'>CAP.</span> <span class='ocrx_word' id='word_1_4' title='bbox 993 194 1193 237; x_wconf 77' lang='lat'>54—58.</span> <span class='ocrx_word' id='word_1_5' title='bbox 1601 187 1697 237; x_wconf 85' lang='lat'>251</span> 
     </span>
    </p>
   </div>
   <div class='ocr_carea' id='block_1_2' title="bbox 0 323 1767 2964">
    <p class='ocr_par' dir='ltr' id='par_1_2' title="bbox 0 323 1765 1364">
     <span class='ocr_line' id='line_1_2' title="bbox 0 323 1748 388; baseline 0 -14"><span class='ocrx_word' id='word_1_6' title='bbox 0 384 1 388; x_wconf 10' lang='grc' dir='ltr'><strong>Ἰ</strong></span> <span class='ocrx_word' id='word_1_7' title='bbox 39 326 178 374; x_wconf 79' lang='lat' dir='ltr'>variis</span> <span class='ocrx_word' id='word_1_8' title='bbox 204 324 483 388; x_wconf 88' lang='lat' dir='ltr'>respondit,</span> <span class='ocrx_word' id='word_1_9' title='bbox 527 324 619 387; x_wconf 91' lang='lat' dir='ltr'>ipsi</span> <span class='ocrx_word' id='word_1_10' title='bbox 650 323 883 372; x_wconf 84' lang='lat' dir='ltr'>Boiocalo</span> <span class='ocrx_word' id='word_1_11' title='bbox 913 323 975 372; x_wconf 92' lang='lat' dir='ltr'>ob</span> <span class='ocrx_word' id='word_1_12' title='bbox 1003 326 1279 375; x_wconf 82' lang='lat' dir='ltr'>memoriam</span> <span class='ocrx_word' id='word_1_13' title='bbox 1311 326 1547 374; x_wconf 80' lang='lat' dir='ltr'>amicitiae</span> <span class='ocrx_word' id='word_1_14' title='bbox 1576 325 1706 374; x_wconf 89' lang='lat' dir='ltr'>datu·</span> <span class='ocrx_word' id='word_1_15' title='bbox 1727 347 1748 379; x_wconf 68' lang='grc' dir='ltr'>ι</span> 
     </span>
     <span class='ocr_line' id='line_1_3' title="bbox 32 393 1707 462; baseline 0.001 -19"><span class='ocrx_word' id='word_1_16' title='bbox 32 410 134 444; x_wconf 91' lang='lat' dir='ltr'>rum</span> <span class='ocrx_word' id='word_1_17' title='bbox 167 408 330 458; x_wconf 87' lang='lat' dir='ltr'>agros.</span> <span class='ocrx_word' id='word_1_18' title='bbox 380 393 507 459; x_wconf 89' lang='lat' dir='ltr'>quod</span> <span class='ocrx_word' id='word_1_19' title='bbox 536 393 618 441; x_wconf 89' lang='lat' dir='ltr'>ille</span> <span class='ocrx_word' id='word_1_20' title='bbox 660 401 708 441; x_wconf 87' lang='lat' dir='ltr'>ut</span> <span class='ocrx_word' id='word_1_21' title='bbox 739 393 1026 457; x_wconf 82' lang='lat' dir='ltr'>proditionis</span> <span class='ocrx_word' id='word_1_22' title='bbox 1062 398 1266 462; x_wconf 89' lang='lat' dir='ltr'>pretium</span> <span class='ocrx_word' id='word_1_23' title='bbox 1304 403 1590 460; x_wconf 90' lang='lat' dir='ltr'>aspernatus</span> <span class='ocrx_word' id='word_1_24' title='bbox 1627 395 1707 444; x_wconf 91' lang='lat' dir='ltr'>ad-</span> 
     </span>
     <span class='ocr_line' id='line_1_4' title="bbox 32 462 1706 530; baseline 0.001 -18"><span class='ocrx_word' id='word_1_25' title='bbox 32 464 149 513; x_wconf 85' lang='lat' dir='ltr'>didit</span> <span class='ocrx_word' id='word_1_26' title='bbox 175 463 372 512; x_wconf 76' lang='lat' dir='ltr'>‘deesse</span> <span class='ocrx_word' id='word_1_27' title='bbox 397 462 539 512; x_wconf 90' lang='lat' dir='ltr'>nobis</span> <span class='ocrx_word' id='word_1_28' title='bbox 569 470 698 511; x_wconf 90' lang='lat' dir='ltr'>terra</span> <span class='ocrx_word' id='word_1_29' title='bbox 724 464 770 510; x_wconf 89' lang='lat' dir='ltr'>in</span> <span class='ocrx_word' id='word_1_30' title='bbox 795 465 955 527; x_wconf 87' lang='lat' dir='ltr'>vitam,</span> <span class='ocrx_word' id='word_1_31' title='bbox 984 466 1031 512; x_wconf 92' lang='lat' dir='ltr'>in</span> <span class='ocrx_word' id='word_1_32' title='bbox 1057 481 1148 530; x_wconf 86' lang='lat' dir='ltr'>qua</span> <span class='ocrx_word' id='word_1_33' title='bbox 1176 466 1453 528; x_wconf 83' lang='lat' dir='ltr'>moriamur,</span> <span class='ocrx_word' id='word_1_34' title='bbox 1498 479 1592 513; x_wconf 91' lang='lat' dir='ltr'>non</span> <span class='ocrx_word' id='word_1_35' title='bbox 1621 480 1706 529; x_wconf 88' lang='lat' dir='ltr'>po-</span> 
     </span>
     <span class='ocr_line' id='line_1_5' title="bbox 34 532 1706 598; baseline 0 -15"><span class='ocrx_word' id='word_1_36' title='bbox 34 538 175 584; x_wconf 77' lang='lat' dir='ltr'>testz&#39;</span> <span class='ocrx_word' id='word_1_37' title='bbox 222 542 366 597; x_wconf 90' lang='lat' dir='ltr'>atque</span> <span class='ocrx_word' id='word_1_38' title='bbox 392 535 456 582; x_wconf 91' lang='lat' dir='ltr'>ita</span> <span class='ocrx_word' id='word_1_39' title='bbox 482 532 682 580; x_wconf 82' lang='lat' dir='ltr'>infensis</span> <span class='ocrx_word' id='word_1_40' title='bbox 709 534 943 598; x_wconf 85' lang='lat' dir='ltr'>utrimque</span> <span class='ocrx_word' id='word_1_41' title='bbox 970 535 1135 583; x_wconf 87' lang='lat' dir='ltr'>animis</span> <span class='ocrx_word' id='word_1_42' title='bbox 1162 536 1444 583; x_wconf 81' lang='lat' dir='ltr'>discessum.</span> <span class='ocrx_word' id='word_1_43' title='bbox 1495 535 1563 583; x_wconf 93' lang='lat' dir='ltr'>illi</span> <span class='ocrx_word' id='word_1_44' title='bbox 1592 534 1706 583; x_wconf 88' lang='lat' dir='ltr'>Bru-</span> 
     </span>
     <span class='ocr_line' id='line_1_6' title="bbox 35 603 1705 667; baseline 0.001 -15"><span class='ocrx_word' id='word_1_45' title='bbox 35 613 220 667; x_wconf 78' lang='lat' dir='ltr'>cterOS,</span> <span class='ocrx_word' id='word_1_46' title='bbox 249 603 545 665; x_wconf 80' lang='lat' dir='ltr'>TencterOS,</span> <span class='ocrx_word' id='word_1_47' title='bbox 573 603 830 650; x_wconf 85' lang='lat' dir='ltr'>ulteriores</span> <span class='ocrx_word' id='word_1_48' title='bbox 859 605 999 651; x_wconf 90' lang='lat' dir='ltr'>etiam</span> <span class='ocrx_word' id='word_1_49' title='bbox 1028 606 1249 653; x_wconf 87' lang='lat' dir='ltr'>nationes</span> <span class='ocrx_word' id='word_1_50' title='bbox 1275 605 1436 652; x_wconf 90' lang='lat' dir='ltr'>socias</span> <span class='ocrx_word' id='word_1_51' title='bbox 1462 604 1592 654; x_wconf 91' lang='lat' dir='ltr'>bello</span> <span class='ocrx_word' id='word_1_52' title='bbox 1622 619 1705 653; x_wconf 88' lang='lat' dir='ltr'>vo-</span> 
     </span>
     <span class='ocr_line' id='line_1_7' title="bbox 35 671 1763 738; baseline 0 -15"><span class='ocrx_word' id='word_1_53' title='bbox 35 673 233 723; x_wconf 86' lang='lat' dir='ltr'>cabant:</span> <span class='ocrx_word' id='word_1_54' title='bbox 265 673 437 721; x_wconf 85' lang='lat' dir='ltr'>Avitus</span> <span class='ocrx_word' id='word_1_55' title='bbox 464 674 648 736; x_wconf 90' lang='lat' dir='ltr'>scripto</span> <span class='ocrx_word' id='word_1_56' title='bbox 679 671 737 720; x_wconf 86' lang='lat' dir='ltr'>ad</span> <span class='ocrx_word' id='word_1_57' title='bbox 760 671 1006 721; x_wconf 88' lang='lat' dir='ltr'>Curtilium</span> <span class='ocrx_word' id='word_1_58' title='bbox 1025 675 1258 724; x_wconf 84' lang='lat' dir='ltr'>Manciam</span> <span class='ocrx_word' id='word_1_59' title='bbox 1280 675 1544 738; x_wconf 89' lang='lat' dir='ltr'>superioris</span> <span class='ocrx_word' id='word_1_60' title='bbox 1566 690 1702 723; x_wconf 86' lang='lat' dir='ltr'>exer·</span> <span class='ocrx_word' id='word_1_61' title='bbox 1727 692 1763 724; x_wconf 79' lang='lat' dir='ltr'>lo</span> 
     </span>
     <span class='ocr_line' id='line_1_8' title="bbox 35 741 1705 808; baseline 0.001 -17"><span class='ocrx_word' id='word_1_62' title='bbox 35 745 156 792; x_wconf 88' lang='lat' dir='ltr'>citus</span> <span class='ocrx_word' id='word_1_63' title='bbox 183 743 418 805; x_wconf 88' lang='lat' dir='ltr'>legatum,</span> <span class='ocrx_word' id='word_1_64' title='bbox 460 749 509 790; x_wconf 89' lang='lat' dir='ltr'>ut</span> <span class='ocrx_word' id='word_1_65' title='bbox 543 741 759 790; x_wconf 88' lang='lat' dir='ltr'>Rhenum</span> <span class='ocrx_word' id='word_1_66' title='bbox 785 749 1120 805; x_wconf 89' lang='lat' dir='ltr'>transgressus</span> <span class='ocrx_word' id='word_1_67' title='bbox 1146 758 1274 792; x_wconf 88' lang='lat' dir='ltr'>arma</span> <span class='ocrx_word' id='word_1_68' title='bbox 1312 759 1336 791; x_wconf 89' lang='lat' dir='ltr'>a</span> <span class='ocrx_word' id='word_1_69' title='bbox 1368 752 1510 808; x_wconf 90' lang='lat' dir='ltr'>tergo</span> <span class='ocrx_word' id='word_1_70' title='bbox 1541 752 1705 793; x_wconf 89' lang='lat' dir='ltr'>osten-</span> 
     </span>
     <span class='ocr_line' id='line_1_9' title="bbox 32 812 1705 876; baseline 0 -15"><span class='ocrx_word' id='word_1_71' title='bbox 32 813 196 876; x_wconf 84' lang='lat' dir='ltr'>deret,</span> <span class='ocrx_word' id='word_1_72' title='bbox 239 813 346 876; x_wconf 89' lang='lat' dir='ltr'>ipse</span> <span class='ocrx_word' id='word_1_73' title='bbox 374 812 597 874; x_wconf 84' lang='lat' dir='ltr'>legiones</span> <span class='ocrx_word' id='word_1_74' title='bbox 633 813 680 859; x_wconf 91' lang='lat' dir='ltr'>in</span> <span class='ocrx_word' id='word_1_75' title='bbox 710 827 875 874; x_wconf 87' lang='lat' dir='ltr'>agrum</span> <span class='ocrx_word' id='word_1_76' title='bbox 903 812 1191 862; x_wconf 88' lang='lat' dir='ltr'>Tencterum</span> <span class='ocrx_word' id='word_1_77' title='bbox 1221 813 1429 875; x_wconf 78' lang='lat' dir='ltr'>induxit,</span> <span class='ocrx_word' id='word_1_78' title='bbox 1468 814 1705 863; x_wconf 87' lang='lat' dir='ltr'>excidium</span> 
     </span>
     <span class='ocr_line' id='line_1_10' title="bbox 32 882 1705 946; baseline 0.001 -15"><span class='ocrx_word' id='word_1_79' title='bbox 32 883 276 945; x_wconf 60' lang='lat' dir='ltr'>minitans,</span> <span class='ocrx_word' id='word_1_80' title='bbox 313 883 358 930; x_wconf 90' lang='lat' dir='ltr'>ni</span> <span class='ocrx_word' id='word_1_81' title='bbox 397 895 588 929; x_wconf 87' lang='lat' dir='ltr'>causam</span> <span class='ocrx_word' id='word_1_82' title='bbox 625 896 756 929; x_wconf 86' lang='lat' dir='ltr'>suam</span> <span class='ocrx_word' id='word_1_83' title='bbox 794 882 1131 932; x_wconf 89' lang='lat' dir='ltr'>dissociarent.</span> <span class='ocrx_word' id='word_1_84' title='bbox 1182 885 1327 946; x_wconf 90' lang='lat' dir='ltr'>igitur</span> <span class='ocrx_word' id='word_1_85' title='bbox 1363 883 1705 932; x_wconf 90' lang='lat' dir='ltr'>absistentibus</span> 
     </span>
     <span class='ocr_line' id='line_1_11' title="bbox 32 950 1703 1018; baseline 0.001 -18"><span class='ocrx_word' id='word_1_86' title='bbox 32 953 106 1001; x_wconf 90' lang='lat' dir='ltr'>his</span> <span class='ocrx_word' id='word_1_87' title='bbox 132 953 234 1015; x_wconf 87' lang='lat' dir='ltr'>pari</span> <span class='ocrx_word' id='word_1_88' title='bbox 261 958 388 999; x_wconf 91' lang='lat' dir='ltr'>metu</span> <span class='ocrx_word' id='word_1_89' title='bbox 419 952 634 999; x_wconf 90' lang='lat' dir='ltr'>exterriti</span> <span class='ocrx_word' id='word_1_90' title='bbox 661 950 903 1007; x_wconf 91' lang='lat' dir='ltr'>Bructeri;</span> <span class='ocrx_word' id='word_1_91' title='bbox 944 960 990 999; x_wconf 88' lang='lat' dir='ltr'>et</span> <span class='ocrx_word' id='word_1_92' title='bbox 1016 954 1194 1001; x_wconf 90' lang='lat' dir='ltr'>ceteris</span> <span class='ocrx_word' id='word_1_93' title='bbox 1221 967 1412 1016; x_wconf 90' lang='lat' dir='ltr'>quoque</span> <span class='ocrx_word' id='word_1_94' title='bbox 1439 954 1593 1002; x_wconf 90' lang='lat' dir='ltr'>aliena</span> <span class='ocrx_word' id='word_1_95' title='bbox 1620 969 1703 1018; x_wconf 91' lang='lat' dir='ltr'>pe-</span> 
     </span>
     <span class='ocr_line' id='line_1_12' title="bbox 31 1019 1765 1085; baseline 0.002 -15"><span class='ocrx_word' id='word_1_96' title='bbox 31 1022 182 1070; x_wconf 91' lang='lat' dir='ltr'>ricula</span> <span class='ocrx_word' id='word_1_97' title='bbox 210 1019 577 1070; x_wconf 82' lang='lat' dir='ltr'>defendentibus</span> <span class='ocrx_word' id='word_1_98' title='bbox 605 1021 711 1069; x_wconf 89' lang='lat' dir='ltr'>sola</span> <span class='ocrx_word' id='word_1_99' title='bbox 737 1020 1149 1085; x_wconf 88' lang='lat' dir='ltr'>Ampsivariorum</span> <span class='ocrx_word' id='word_1_100' title='bbox 1186 1037 1309 1085; x_wconf 86' lang='lat' dir='ltr'>gens</span> <span class='ocrx_word' id='word_1_101' title='bbox 1347 1030 1478 1071; x_wconf 90' lang='lat' dir='ltr'>retro</span> <span class='ocrx_word' id='word_1_102' title='bbox 1514 1023 1573 1071; x_wconf 90' lang='lat' dir='ltr'>ad</span> <span class='ocrx_word' id='word_1_103' title='bbox 1598 1024 1765 1074; x_wconf 77' lang='lat' dir='ltr'>Usi-15</span> 
     </span>
     <span class='ocr_line' id='line_1_13' title="bbox 37 1090 1703 1157; baseline 0.001 -18"><span class='ocrx_word' id='word_1_104' title='bbox 37 1106 126 1157; x_wconf 91' lang='lat' dir='ltr'>pos</span> <span class='ocrx_word' id='word_1_105' title='bbox 153 1098 200 1138; x_wconf 90' lang='lat' dir='ltr'>et</span> <span class='ocrx_word' id='word_1_106' title='bbox 226 1090 469 1139; x_wconf 87' lang='lat' dir='ltr'>Tubantes</span> <span class='ocrx_word' id='word_1_107' title='bbox 500 1091 760 1138; x_wconf 90' lang='lat' dir='ltr'>concessit.</span> <span class='ocrx_word' id='word_1_108' title='bbox 814 1105 1014 1154; x_wconf 90' lang='lat' dir='ltr'>quorum</span> <span class='ocrx_word' id='word_1_109' title='bbox 1047 1093 1189 1141; x_wconf 88' lang='lat' dir='ltr'>terris</span> <span class='ocrx_word' id='word_1_110' title='bbox 1226 1093 1384 1140; x_wconf 88' lang='lat' dir='ltr'>exacti</span> <span class='ocrx_word' id='word_1_111' title='bbox 1423 1108 1527 1140; x_wconf 89' lang='lat' dir='ltr'>cum</span> <span class='ocrx_word' id='word_1_112' title='bbox 1565 1091 1703 1141; x_wconf 88' lang='lat' dir='ltr'>Chat-</span> 
     </span>
     <span class='ocr_line' id='line_1_14' title="bbox 32 1159 1706 1226; baseline 0.001 -17"><span class='ocrx_word' id='word_1_113' title='bbox 32 1169 126 1223; x_wconf 83' lang='lat' dir='ltr'>tOS,</span> <span class='ocrx_word' id='word_1_114' title='bbox 154 1160 264 1208; x_wconf 91' lang='lat' dir='ltr'>dein</span> <span class='ocrx_word' id='word_1_115' title='bbox 294 1159 571 1208; x_wconf 86' lang='lat' dir='ltr'>Cheruscos</span> <span class='ocrx_word' id='word_1_116' title='bbox 598 1161 859 1223; x_wconf 89' lang='lat' dir='ltr'>petissent,</span> <span class='ocrx_word' id='word_1_117' title='bbox 887 1175 1055 1210; x_wconf 88' lang='lat' dir='ltr'>errore</span> <span class='ocrx_word' id='word_1_118' title='bbox 1083 1162 1232 1223; x_wconf 89' lang='lat' dir='ltr'>longo</span> <span class='ocrx_word' id='word_1_119' title='bbox 1259 1161 1506 1226; x_wconf 83' lang='lat' dir='ltr'>hospiteS,</span> <span class='ocrx_word' id='word_1_120' title='bbox 1545 1164 1706 1225; x_wconf 89' lang='lat' dir='ltr'>egeni,</span> 
     </span>
     <span class='ocr_line' id='line_1_15' title="bbox 33 1229 1704 1294; baseline 0.001 -16"><span class='ocrx_word' id='word_1_121' title='bbox 33 1231 219 1292; x_wconf 90' lang='lat' dir='ltr'>hostes,</span> <span class='ocrx_word' id='word_1_122' title='bbox 247 1232 292 1277; x_wconf 90' lang='lat' dir='ltr'>in</span> <span class='ocrx_word' id='word_1_123' title='bbox 314 1230 471 1278; x_wconf 89' lang='lat' dir='ltr'>alieno</span> <span class='ocrx_word' id='word_1_124' title='bbox 492 1229 621 1292; x_wconf 91' lang='lat' dir='ltr'>quod</span> <span class='ocrx_word' id='word_1_125' title='bbox 646 1230 903 1278; x_wconf 89' lang='lat' dir='ltr'>iuventutis</span> <span class='ocrx_word' id='word_1_126' title='bbox 925 1239 1027 1280; x_wconf 87' lang='lat' dir='ltr'>erat</span> <span class='ocrx_word' id='word_1_127' title='bbox 1048 1231 1324 1294; x_wconf 88' lang='lat' dir='ltr'>caeduntur,</span> <span class='ocrx_word' id='word_1_128' title='bbox 1354 1230 1546 1280; x_wconf 88' lang='lat' dir='ltr'>inbellis</span> <span class='ocrx_word' id='word_1_129' title='bbox 1572 1239 1704 1280; x_wconf 86' lang='lat' dir='ltr'>aetas</span> 
     </span>
     <span class='ocr_line' id='line_1_16' title="bbox 34 1298 627 1364; baseline 0 -17"><span class='ocrx_word' id='word_1_130' title='bbox 34 1301 79 1348; x_wconf 91' lang='lat' dir='ltr'>in</span> <span class='ocrx_word' id='word_1_131' title='bbox 105 1299 331 1364; x_wconf 83' lang='lat' dir='ltr'>praedam</span> <span class='ocrx_word' id='word_1_132' title='bbox 358 1298 511 1347; x_wconf 87' lang='lat' dir='ltr'>divisa</span> <span class='ocrx_word' id='word_1_133' title='bbox 539 1306 627 1347; x_wconf 91' lang='lat' dir='ltr'>est.</span> 
     </span>
    </p>

    <p class='ocr_par' dir='ltr' id='par_1_3' title="bbox 33 1368 1767 2894">
     <span class='ocr_line' id='line_1_17' title="bbox 140 1368 1704 1434; baseline 0.001 -17"><span class='ocrx_word' id='word_1_134' title='bbox 140 1370 222 1417; x_wconf 86' lang='lat'>57.</span> <span class='ocrx_word' id='word_1_135' title='bbox 265 1368 446 1417; x_wconf 86' lang='lat' dir='ltr'>Eadem</span> <span class='ocrx_word' id='word_1_136' title='bbox 486 1376 670 1417; x_wconf 89' lang='lat' dir='ltr'>aestate</span> <span class='ocrx_word' id='word_1_137' title='bbox 706 1370 829 1416; x_wconf 88' lang='lat' dir='ltr'>inter</span> <span class='ocrx_word' id='word_1_138' title='bbox 865 1368 1226 1418; x_wconf 87' lang='lat' dir='ltr'>Hermunduros</span> <span class='ocrx_word' id='word_1_139' title='bbox 1263 1369 1561 1434; x_wconf 88' lang='lat' dir='ltr'>Chattosque</span> <span class='ocrx_word' id='word_1_140' title='bbox 1601 1385 1704 1418; x_wconf 91' lang='lat' dir='ltr'>cer-</span> 
     </span>
     <span class='ocr_line' id='line_1_18' title="bbox 33 1438 1706 1504; baseline -0.001 -16"><span class='ocrx_word' id='word_1_141' title='bbox 33 1447 178 1488; x_wconf 87' lang='lat' dir='ltr'>tatum</span> <span class='ocrx_word' id='word_1_142' title='bbox 214 1453 389 1501; x_wconf 89' lang='lat' dir='ltr'>magno</span> <span class='ocrx_word' id='word_1_143' title='bbox 432 1439 644 1504; x_wconf 90' lang='lat' dir='ltr'>proelio,</span> <span class='ocrx_word' id='word_1_144' title='bbox 684 1438 791 1487; x_wconf 90' lang='lat' dir='ltr'>dum</span> <span class='ocrx_word' id='word_1_145' title='bbox 829 1438 1004 1488; x_wconf 87' lang='lat' dir='ltr'>flumen</span> <span class='ocrx_word' id='word_1_146' title='bbox 1041 1439 1286 1503; x_wconf 88' lang='lat' dir='ltr'>gignendo</span> <span class='ocrx_word' id='word_1_147' title='bbox 1323 1439 1425 1488; x_wconf 89' lang='lat' dir='ltr'>sale</span> <span class='ocrx_word' id='word_1_148' title='bbox 1451 1439 1706 1488; x_wconf 85' lang='lat' dir='ltr'>fecundum</span> 
     </span>
     <span class='ocr_line' id='line_1_19' title="bbox 37 1508 1704 1575; baseline 0 -18"><span class='ocrx_word' id='word_1_149' title='bbox 37 1517 84 1557; x_wconf 89' lang='lat' dir='ltr'>et</span> <span class='ocrx_word' id='word_1_150' title='bbox 121 1509 466 1557; x_wconf 90' lang='lat' dir='ltr'>conterminum</span> <span class='ocrx_word' id='word_1_151' title='bbox 513 1509 559 1556; x_wconf 90' lang='lat' dir='ltr'>vi</span> <span class='ocrx_word' id='word_1_152' title='bbox 602 1508 819 1569; x_wconf 87' lang='lat' dir='ltr'>trahunt,</span> <span class='ocrx_word' id='word_1_153' title='bbox 876 1525 1023 1575; x_wconf 87' lang='lat' dir='ltr'>super</span> <span class='ocrx_word' id='word_1_154' title='bbox 1060 1509 1304 1558; x_wconf 88' lang='lat' dir='ltr'>libidinem</span> <span class='ocrx_word' id='word_1_155' title='bbox 1347 1517 1518 1557; x_wconf 89' lang='lat' dir='ltr'>cuncta</span> <span class='ocrx_word' id='word_1_156' title='bbox 1562 1511 1704 1557; x_wconf 89' lang='lat' dir='ltr'>armis</span> 
     </span>
     <span class='ocr_line' id='line_1_20' title="bbox 35 1577 1705 1644; baseline -0.001 -16"><span class='ocrx_word' id='word_1_157' title='bbox 35 1577 210 1642; x_wconf 89' lang='lat' dir='ltr'>agendi</span> <span class='ocrx_word' id='word_1_158' title='bbox 235 1578 476 1642; x_wconf 84' lang='lat' dir='ltr'>religione</span> <span class='ocrx_word' id='word_1_159' title='bbox 504 1579 666 1641; x_wconf 86' lang='lat' dir='ltr'>insita,</span> <span class='ocrx_word' id='word_1_160' title='bbox 694 1592 781 1626; x_wconf 89' lang='lat' dir='ltr'>eos</span> <span class='ocrx_word' id='word_1_161' title='bbox 802 1580 1007 1627; x_wconf 87' lang='lat' dir='ltr'>maxime</span> <span class='ocrx_word' id='word_1_162' title='bbox 1034 1579 1174 1628; x_wconf 90' lang='lat' dir='ltr'>locos</span> <span class='ocrx_word' id='word_1_163' title='bbox 1206 1580 1534 1644; x_wconf 88' lang='lat' dir='ltr'>propinquare</span> <span class='ocrx_word' id='word_1_164' title='bbox 1565 1579 1705 1627; x_wconf 90' lang='lat' dir='ltr'>caelo</span> 
     </span>
     <span class='ocr_line' id='line_1_21' title="bbox 37 1647 1750 1715; baseline 0 -19"><span class='ocrx_word' id='word_1_165' title='bbox 37 1662 312 1715; x_wconf 88' lang='lat' dir='ltr'>precesque</span> <span class='ocrx_word' id='word_1_166' title='bbox 354 1648 625 1696; x_wconf 88' lang='lat' dir='ltr'>mortalium</span> <span class='ocrx_word' id='word_1_167' title='bbox 671 1663 696 1695; x_wconf 91' lang='lat' dir='ltr'>a</span> <span class='ocrx_word' id='word_1_168' title='bbox 734 1647 838 1696; x_wconf 91' lang='lat' dir='ltr'>deis</span> <span class='ocrx_word' id='word_1_169' title='bbox 878 1664 1107 1714; x_wconf 88' lang='lat' dir='ltr'>nusquam</span> <span class='ocrx_word' id='word_1_170' title='bbox 1140 1650 1341 1714; x_wconf 90' lang='lat' dir='ltr'>propius</span> <span class='ocrx_word' id='word_1_171' title='bbox 1379 1648 1546 1697; x_wconf 86' lang='lat' dir='ltr'>audiri.</span> <span class='ocrx_word' id='word_1_172' title='bbox 1596 1648 1707 1697; x_wconf 89' lang='lat' dir='ltr'>inde</span> <span class='ocrx_word' id='word_1_173' title='bbox 1731 1672 1750 1702; x_wconf 78' lang='lat'>5</span> 
     </span>
     <span class='ocr_line' id='line_1_22' title="bbox 37 1717 1706 1783; baseline -0.001 -16"><span class='ocrx_word' id='word_1_174' title='bbox 37 1717 601 1780; x_wconf 32' lang='lat' dir='ltr'>indulgentia-numinum</span> <span class='ocrx_word' id='word_1_175' title='bbox 634 1717 719 1765; x_wconf 92' lang='lat' dir='ltr'>illo</span> <span class='ocrx_word' id='word_1_176' title='bbox 756 1719 800 1765; x_wconf 91' lang='lat' dir='ltr'>in</span> <span class='ocrx_word' id='word_1_177' title='bbox 840 1733 976 1767; x_wconf 91' lang='lat' dir='ltr'>amne</span> <span class='ocrx_word' id='word_1_178' title='bbox 1004 1719 1198 1783; x_wconf 89' lang='lat' dir='ltr'>illisque</span> <span class='ocrx_word' id='word_1_179' title='bbox 1236 1719 1371 1767; x_wconf 89' lang='lat' dir='ltr'>silvis</span> <span class='ocrx_word' id='word_1_180' title='bbox 1407 1719 1556 1766; x_wconf 90' lang='lat' dir='ltr'>salem</span> <span class='ocrx_word' id='word_1_181' title='bbox 1596 1734 1706 1783; x_wconf 88' lang='lat' dir='ltr'>pro-</span> 
     </span>
     <span class='ocr_line' id='line_1_23' title="bbox 39 1787 1706 1852; baseline -0.001 -16"><span class='ocrx_word' id='word_1_182' title='bbox 39 1788 221 1849; x_wconf 83' lang='lat' dir='ltr'>venire,</span> <span class='ocrx_word' id='word_1_183' title='bbox 247 1800 344 1835; x_wconf 91' lang='lat' dir='ltr'>non</span> <span class='ocrx_word' id='word_1_184' title='bbox 373 1794 422 1835; x_wconf 91' lang='lat' dir='ltr'>ut</span> <span class='ocrx_word' id='word_1_185' title='bbox 453 1787 570 1836; x_wconf 88' lang='lat' dir='ltr'>alias</span> <span class='ocrx_word' id='word_1_186' title='bbox 596 1787 721 1852; x_wconf 88' lang='lat' dir='ltr'>apud</span> <span class='ocrx_word' id='word_1_187' title='bbox 741 1795 916 1851; x_wconf 86' lang='lat' dir='ltr'>gentes</span> <span class='ocrx_word' id='word_1_188' title='bbox 938 1788 1097 1837; x_wconf 90' lang='lat' dir='ltr'>eluvie</span> <span class='ocrx_word' id='word_1_189' title='bbox 1121 1790 1266 1837; x_wconf 89' lang='lat' dir='ltr'>maris</span> <span class='ocrx_word' id='word_1_190' title='bbox 1288 1796 1543 1837; x_wconf 89' lang='lat' dir='ltr'>arescente</span> <span class='ocrx_word' id='word_1_191' title='bbox 1565 1788 1706 1850; x_wconf 82' lang='lat' dir='ltr'>unda,</span> 
     </span>
     <span class='ocr_line' id='line_1_24' title="bbox 38 1855 1709 1920; baseline 0 -14"><span class='ocrx_word' id='word_1_192' title='bbox 38 1855 125 1906; x_wconf 88' lang='lat' dir='ltr'>sed</span> <span class='ocrx_word' id='word_1_193' title='bbox 149 1870 299 1920; x_wconf 88' lang='lat' dir='ltr'>super</span> <span class='ocrx_word' id='word_1_194' title='bbox 330 1856 578 1905; x_wconf 89' lang='lat' dir='ltr'>ardentem</span> <span class='ocrx_word' id='word_1_195' title='bbox 604 1856 828 1905; x_wconf 89' lang='lat' dir='ltr'>arborum</span> <span class='ocrx_word' id='word_1_196' title='bbox 854 1865 1031 1906; x_wconf 91' lang='lat' dir='ltr'>struem</span> <span class='ocrx_word' id='word_1_197' title='bbox 1067 1859 1173 1907; x_wconf 82' lang='lat' dir='ltr'>fusa</span> <span class='ocrx_word' id='word_1_198' title='bbox 1211 1874 1274 1907; x_wconf 87' lang='lat' dir='ltr'>ex</span> <span class='ocrx_word' id='word_1_199' title='bbox 1306 1859 1560 1907; x_wconf 85' lang='lat' dir='ltr'>contrariis</span> <span class='ocrx_word' id='word_1_200' title='bbox 1584 1859 1709 1906; x_wconf 91' lang='lat' dir='ltr'>inter</span> 
     </span>
     <span class='ocr_line' id='line_1_25' title="bbox 37 1925 1707 1990; baseline -0.001 -14"><span class='ocrx_word' id='word_1_201' title='bbox 37 1942 93 1976; x_wconf 82' lang='lat' dir='ltr'>se</span> <span class='ocrx_word' id='word_1_202' title='bbox 117 1925 384 1988; x_wconf 76' lang='lat' dir='ltr'>elementiS,</span> <span class='ocrx_word' id='word_1_203' title='bbox 410 1928 524 1989; x_wconf 90' lang='lat' dir='ltr'>igne</span> <span class='ocrx_word' id='word_1_204' title='bbox 554 1933 695 1990; x_wconf 87' lang='lat' dir='ltr'>atque</span> <span class='ocrx_word' id='word_1_205' title='bbox 725 1927 886 1990; x_wconf 88' lang='lat' dir='ltr'>aquis,</span> <span class='ocrx_word' id='word_1_206' title='bbox 919 1936 1213 1976; x_wconf 88' lang='lat' dir='ltr'>concretum.</span> <span class='ocrx_word' id='word_1_207' title='bbox 1270 1928 1355 1976; x_wconf 91' lang='lat' dir='ltr'>sed</span> <span class='ocrx_word' id='word_1_208' title='bbox 1381 1927 1561 1976; x_wconf 88' lang='lat' dir='ltr'>bellum</span> <span class='ocrx_word' id='word_1_209' title='bbox 1586 1928 1707 1977; x_wconf 90' lang='lat' dir='ltr'>Her-</span> 
     </span>
     <span class='ocr_line' id='line_1_26' title="bbox 35 1993 1767 2061; baseline 0 -17"><span class='ocrx_word' id='word_1_210' title='bbox 35 1994 278 2044; x_wconf 88' lang='lat' dir='ltr'>munduris</span> <span class='ocrx_word' id='word_1_211' title='bbox 312 2009 628 2060; x_wconf 90' lang='lat' dir='ltr'>prosperum,</span> <span class='ocrx_word' id='word_1_212' title='bbox 676 1993 858 2044; x_wconf 88' lang='lat' dir='ltr'>Chattis</span> <span class='ocrx_word' id='word_1_213' title='bbox 895 1997 1146 2046; x_wconf 86' lang='lat' dir='ltr'>exitiosius</span> <span class='ocrx_word' id='word_1_214' title='bbox 1182 1998 1293 2061; x_wconf 86' lang='lat' dir='ltr'>fuit,</span> <span class='ocrx_word' id='word_1_215' title='bbox 1345 1999 1456 2061; x_wconf 88' lang='lat' dir='ltr'>quia</span> <span class='ocrx_word' id='word_1_216' title='bbox 1491 2000 1708 2047; x_wconf 86' lang='lat' dir='ltr'>victores</span> <span class='ocrx_word' id='word_1_217' title='bbox 1729 2018 1767 2052; x_wconf 72' lang='lat'>10</span> 
     </span>
     <span class='ocr_line' id='line_1_27' title="bbox 37 2064 1708 2131; baseline 0 -17"><span class='ocrx_word' id='word_1_218' title='bbox 37 2066 276 2114; x_wconf 86' lang='lat' dir='ltr'>diversam</span> <span class='ocrx_word' id='word_1_219' title='bbox 302 2066 454 2114; x_wconf 86' lang='lat' dir='ltr'>aciem</span> <span class='ocrx_word' id='word_1_220' title='bbox 476 2064 615 2115; x_wconf 87' lang='lat' dir='ltr'>Marti</span> <span class='ocrx_word' id='word_1_221' title='bbox 642 2079 700 2113; x_wconf 89' lang='lat' dir='ltr'>ac</span> <span class='ocrx_word' id='word_1_222' title='bbox 724 2065 964 2115; x_wconf 88' lang='lat' dir='ltr'>Mercurio</span> <span class='ocrx_word' id='word_1_223' title='bbox 997 2081 1285 2129; x_wconf 88' lang='lat' dir='ltr'>sacravere,</span> <span class='ocrx_word' id='word_1_224' title='bbox 1323 2080 1417 2131; x_wconf 91' lang='lat' dir='ltr'>quo</span> <span class='ocrx_word' id='word_1_225' title='bbox 1453 2074 1569 2115; x_wconf 85' lang='lat' dir='ltr'>voto</span> <span class='ocrx_word' id='word_1_226' title='bbox 1598 2067 1708 2131; x_wconf 88' lang='lat' dir='ltr'>equi</span> 
     </span>
     <span class='ocr_line' id='line_1_28' title="bbox 36 2134 1708 2200; baseline 0 -17"><span class='ocrx_word' id='word_1_227' title='bbox 36 2136 139 2198; x_wconf 85' lang='lat' dir='ltr'>viri,</span> <span class='ocrx_word' id='word_1_228' title='bbox 169 2142 340 2183; x_wconf 89' lang='lat' dir='ltr'>cuncta</span> <span class='ocrx_word' id='word_1_229' title='bbox 371 2136 496 2184; x_wconf 89' lang='lat' dir='ltr'>victa</span> <span class='ocrx_word' id='word_1_230' title='bbox 522 2134 762 2183; x_wconf 88' lang='lat' dir='ltr'>occidioni</span> <span class='ocrx_word' id='word_1_231' title='bbox 790 2135 973 2184; x_wconf 87' lang='lat' dir='ltr'>dantur.</span> <span class='ocrx_word' id='word_1_232' title='bbox 1022 2144 1069 2185; x_wconf 88' lang='lat' dir='ltr'>et</span> <span class='ocrx_word' id='word_1_233' title='bbox 1104 2138 1259 2185; x_wconf 88' lang='lat' dir='ltr'>minae</span> <span class='ocrx_word' id='word_1_234' title='bbox 1287 2135 1478 2200; x_wconf 89' lang='lat' dir='ltr'>quidem</span> <span class='ocrx_word' id='word_1_235' title='bbox 1504 2135 1708 2185; x_wconf 90' lang='lat' dir='ltr'>hostiles</span> 
     </span>
     <span class='ocr_line' id='line_1_29' title="bbox 36 2204 1706 2269; baseline 0.001 -16"><span class='ocrx_word' id='word_1_236' title='bbox 36 2206 84 2254; x_wconf 89' lang='lat' dir='ltr'>in</span> <span class='ocrx_word' id='word_1_237' title='bbox 117 2206 252 2269; x_wconf 91' lang='lat' dir='ltr'>ipsos</span> <span class='ocrx_word' id='word_1_238' title='bbox 286 2204 557 2253; x_wconf 87' lang='lat' dir='ltr'>vertebant.</span> <span class='ocrx_word' id='word_1_239' title='bbox 607 2204 695 2253; x_wconf 91' lang='lat' dir='ltr'>sed</span> <span class='ocrx_word' id='word_1_240' title='bbox 731 2205 899 2253; x_wconf 88' lang='lat' dir='ltr'>civitas</span> <span class='ocrx_word' id='word_1_241' title='bbox 946 2205 1178 2256; x_wconf 88' lang='lat' dir='ltr'>Ubiorum</span> <span class='ocrx_word' id='word_1_242' title='bbox 1227 2207 1360 2254; x_wconf 88' lang='lat' dir='ltr'>socia</span> <span class='ocrx_word' id='word_1_243' title='bbox 1401 2205 1543 2255; x_wconf 89' lang='lat' dir='ltr'>nobis</span> <span class='ocrx_word' id='word_1_244' title='bbox 1579 2205 1706 2254; x_wconf 88' lang='lat' dir='ltr'>malo</span> 
     </span>
     <span class='ocr_line' id='line_1_30' title="bbox 36 2274 1708 2339; baseline 0.001 -17"><span class='ocrx_word' id='word_1_245' title='bbox 36 2274 288 2339; x_wconf 87' lang='lat' dir='ltr'>inproviso</span> <span class='ocrx_word' id='word_1_246' title='bbox 318 2274 508 2324; x_wconf 87' lang='lat' dir='ltr'>adflicta</span> <span class='ocrx_word' id='word_1_247' title='bbox 533 2281 622 2324; x_wconf 88' lang='lat' dir='ltr'>est.</span> <span class='ocrx_word' id='word_1_248' title='bbox 674 2289 780 2322; x_wconf 91' lang='lat' dir='ltr'>nam</span> <span class='ocrx_word' id='word_1_249' title='bbox 806 2276 946 2338; x_wconf 86' lang='lat' dir='ltr'>ignes</span> <span class='ocrx_word' id='word_1_250' title='bbox 969 2283 1098 2324; x_wconf 87' lang='lat' dir='ltr'>terra</span> <span class='ocrx_word' id='word_1_251' title='bbox 1126 2276 1240 2325; x_wconf 90' lang='lat' dir='ltr'>editi</span> <span class='ocrx_word' id='word_1_252' title='bbox 1265 2275 1407 2323; x_wconf 87' lang='lat' dir='ltr'>villas</span> <span class='ocrx_word' id='word_1_253' title='bbox 1433 2290 1546 2324; x_wconf 89' lang='lat' dir='ltr'>arva</span> <span class='ocrx_word' id='word_1_254' title='bbox 1571 2277 1708 2324; x_wconf 84' lang='lat' dir='ltr'>vicos</span> 
     </span>
     <span class='ocr_line' id='line_1_31' title="bbox 38 2343 1765 2411; baseline 0 -19"><span class='ocrx_word' id='word_1_255' title='bbox 38 2344 216 2410; x_wconf 87' lang='lat' dir='ltr'>passim</span> <span class='ocrx_word' id='word_1_256' title='bbox 244 2343 570 2409; x_wconf 89' lang='lat' dir='ltr'>corripiebant</span> <span class='ocrx_word' id='word_1_257' title='bbox 595 2343 970 2409; x_wconf 85' lang='lat' dir='ltr'>ferebanturque</span> <span class='ocrx_word' id='word_1_258' title='bbox 995 2347 1042 2393; x_wconf 90' lang='lat' dir='ltr'>in</span> <span class='ocrx_word' id='word_1_259' title='bbox 1070 2346 1174 2411; x_wconf 90' lang='lat' dir='ltr'>ipsa</span> <span class='ocrx_word' id='word_1_260' title='bbox 1201 2345 1423 2394; x_wconf 88' lang='lat' dir='ltr'>conditae</span> <span class='ocrx_word' id='word_1_261' title='bbox 1451 2361 1605 2410; x_wconf 87' lang='lat' dir='ltr'>nuper</span> <span class='ocrx_word' id='word_1_262' title='bbox 1627 2359 1684 2394; x_wconf 85' lang='lat' dir='ltr'>co</span> <span class='ocrx_word' id='word_1_263' title='bbox 1730 2367 1765 2399; x_wconf 75' lang='lat'>15</span> 
     </span>
     <span class='ocr_line' id='line_1_32' title="bbox 36 2413 1706 2480; baseline -0.001 -17"><span class='ocrx_word' id='word_1_264' title='bbox 36 2413 199 2463; x_wconf 87' lang='lat' dir='ltr'>Ioniae</span> <span class='ocrx_word' id='word_1_265' title='bbox 234 2415 438 2462; x_wconf 89' lang='lat' dir='ltr'>moenia.</span> <span class='ocrx_word' id='word_1_266' title='bbox 490 2429 647 2479; x_wconf 86' lang='lat' dir='ltr'>neque</span> <span class='ocrx_word' id='word_1_267' title='bbox 686 2414 898 2477; x_wconf 87' lang='lat' dir='ltr'>extingui</span> <span class='ocrx_word' id='word_1_268' title='bbox 934 2423 1178 2480; x_wconf 89' lang='lat' dir='ltr'>poterant,</span> <span class='ocrx_word' id='word_1_269' title='bbox 1215 2430 1311 2464; x_wconf 93' lang='lat' dir='ltr'>non</span> <span class='ocrx_word' id='word_1_270' title='bbox 1349 2415 1389 2462; x_wconf 89' lang='lat' dir='ltr'>si</span> <span class='ocrx_word' id='word_1_271' title='bbox 1424 2415 1601 2463; x_wconf 87' lang='lat' dir='ltr'>imbres</span> <span class='ocrx_word' id='word_1_272' title='bbox 1630 2429 1706 2462; x_wconf 87' lang='lat' dir='ltr'>ca·</span> 
     </span>
     <span class='ocr_line' id='line_1_33' title="bbox 36 2483 1709 2550; baseline -0.002 -17"><span class='ocrx_word' id='word_1_273' title='bbox 36 2483 234 2544; x_wconf 88' lang='lat' dir='ltr'>derent,</span> <span class='ocrx_word' id='word_1_274' title='bbox 282 2498 377 2532; x_wconf 91' lang='lat' dir='ltr'>non</span> <span class='ocrx_word' id='word_1_275' title='bbox 413 2483 685 2532; x_wconf 87' lang='lat' dir='ltr'>fluvialibus</span> <span class='ocrx_word' id='word_1_276' title='bbox 723 2485 860 2547; x_wconf 88' lang='lat' dir='ltr'>aquis</span> <span class='ocrx_word' id='word_1_277' title='bbox 898 2492 976 2533; x_wconf 87' lang='lat' dir='ltr'>aut</span> <span class='ocrx_word' id='word_1_278' title='bbox 1014 2499 1109 2550; x_wconf 90' lang='lat' dir='ltr'>quo</span> <span class='ocrx_word' id='word_1_279' title='bbox 1144 2485 1239 2534; x_wconf 90' lang='lat' dir='ltr'>alio</span> <span class='ocrx_word' id='word_1_280' title='bbox 1277 2485 1506 2546; x_wconf 91' lang='lat' dir='ltr'>humore,</span> <span class='ocrx_word' id='word_1_281' title='bbox 1551 2484 1709 2533; x_wconf 87' lang='lat' dir='ltr'>donec</span> 
     </span>
     <span class='ocr_line' id='line_1_34' title="bbox 38 2553 1709 2619; baseline -0.001 -18"><span class='ocrx_word' id='word_1_282' title='bbox 38 2553 201 2617; x_wconf 88' lang='lat' dir='ltr'>inopia</span> <span class='ocrx_word' id='word_1_283' title='bbox 225 2553 544 2601; x_wconf 88' lang='lat' dir='ltr'>remediorum</span> <span class='ocrx_word' id='word_1_284' title='bbox 574 2560 622 2601; x_wconf 87' lang='lat' dir='ltr'>et</span> <span class='ocrx_word' id='word_1_285' title='bbox 644 2555 713 2600; x_wconf 86' lang='lat' dir='ltr'>ira</span> <span class='ocrx_word' id='word_1_286' title='bbox 743 2553 893 2601; x_wconf 89' lang='lat' dir='ltr'>cladis</span> <span class='ocrx_word' id='word_1_287' title='bbox 920 2562 1141 2617; x_wconf 85' lang='lat' dir='ltr'>agrestes</span> <span class='ocrx_word' id='word_1_288' title='bbox 1168 2555 1359 2619; x_wconf 85' lang='lat' dir='ltr'>quidam</span> <span class='ocrx_word' id='word_1_289' title='bbox 1382 2555 1562 2602; x_wconf 91' lang='lat' dir='ltr'>eminus</span> <span class='ocrx_word' id='word_1_290' title='bbox 1593 2567 1709 2601; x_wconf 86' lang='lat' dir='ltr'>saxa</span> 
     </span>
     <span class='ocr_line' id='line_1_35' title="bbox 39 2621 1708 2688; baseline 0.001 -19"><span class='ocrx_word' id='word_1_291' title='bbox 39 2621 226 2685; x_wconf 83' lang='lat' dir='ltr'>iacere,</span> <span class='ocrx_word' id='word_1_292' title='bbox 266 2622 374 2670; x_wconf 90' lang='lat' dir='ltr'>dein</span> <span class='ocrx_word' id='word_1_293' title='bbox 402 2622 737 2671; x_wconf 87' lang='lat' dir='ltr'>resistentibus</span> <span class='ocrx_word' id='word_1_294' title='bbox 763 2622 959 2672; x_wconf 84' lang='lat' dir='ltr'>flammis</span> <span class='ocrx_word' id='word_1_295' title='bbox 999 2626 1197 2688; x_wconf 89' lang='lat' dir='ltr'>propius</span> <span class='ocrx_word' id='word_1_296' title='bbox 1234 2625 1486 2686; x_wconf 86' lang='lat' dir='ltr'>suggressi</span> <span class='ocrx_word' id='word_1_297' title='bbox 1515 2623 1613 2671; x_wconf 90' lang='lat' dir='ltr'>ictu</span> <span class='ocrx_word' id='word_1_298' title='bbox 1638 2622 1708 2670; x_wconf 80' lang='lat' dir='ltr'>fu·</span> 
     </span>
     <span class='ocr_line' id='line_1_36' title="bbox 40 2691 1766 2757; baseline 0.002 -18"><span class='ocrx_word' id='word_1_299' title='bbox 40 2691 177 2740; x_wconf 89' lang='lat' dir='ltr'>stium</span> <span class='ocrx_word' id='word_1_300' title='bbox 214 2691 417 2756; x_wconf 88' lang='lat' dir='ltr'>aliisque</span> <span class='ocrx_word' id='word_1_301' title='bbox 460 2691 747 2740; x_wconf 86' lang='lat' dir='ltr'>verberibus</span> <span class='ocrx_word' id='word_1_302' title='bbox 787 2699 835 2740; x_wconf 90' lang='lat' dir='ltr'>ut</span> <span class='ocrx_word' id='word_1_303' title='bbox 879 2693 1010 2741; x_wconf 85' lang='lat' dir='ltr'>feras</span> <span class='ocrx_word' id='word_1_304' title='bbox 1048 2692 1407 2740; x_wconf 87' lang='lat' dir='ltr'>absterrebant:</span> <span class='ocrx_word' id='word_1_305' title='bbox 1461 2700 1706 2757; x_wconf 88' lang='lat' dir='ltr'>postremo</span> <span class='ocrx_word' id='word_1_306' title='bbox 1726 2710 1766 2742; x_wconf 82' lang='lat'>20</span> 
     </span>
     <span class='ocr_line' id='line_1_37' title="bbox 39 2761 1708 2842; baseline 0.001 -35"><span class='ocrx_word' id='word_1_307' title='bbox 39 2761 250 2822; x_wconf 77' lang='lat' dir='ltr'>tegmina</span> <span class='ocrx_word' id='word_1_308' title='bbox 290 2763 483 2826; x_wconf 85' lang='lat' dir='ltr'>corpori</span> <span class='ocrx_word' id='word_1_309' title='bbox 523 2762 723 2842; x_wconf 83' lang='lat' dir='ltr'>derepta</span> <span class='ocrx_word' id='word_1_310' title='bbox 758 2762 974 2824; x_wconf 88' lang='lat' dir='ltr'>iniciunt,</span> <span class='ocrx_word' id='word_1_311' title='bbox 1021 2770 1196 2826; x_wconf 88' lang='lat' dir='ltr'>quanto</span> <span class='ocrx_word' id='word_1_312' title='bbox 1232 2762 1385 2824; x_wconf 84' lang='lat' dir='ltr'>magis</span> <span class='ocrx_word' id='word_1_313' title='bbox 1424 2762 1624 2826; x_wconf 79' lang='lat' dir='ltr'>profana</span> <span class='ocrx_word' id='word_1_314' title='bbox 1660 2769 1708 2809; x_wconf 92' lang='lat' dir='ltr'>et</span> 
     </span>
     <span class='ocr_line' id='line_1_38' title="bbox 41 2829 1199 2894; baseline 0.003 -18"><span class='ocrx_word' id='word_1_315' title='bbox 41 2843 129 2876; x_wconf 88' lang='lat' dir='ltr'>usu</span> <span class='ocrx_word' id='word_1_316' title='bbox 156 2829 356 2894; x_wconf 88' lang='lat' dir='ltr'>polluta,</span> <span class='ocrx_word' id='word_1_317' title='bbox 384 2839 513 2879; x_wconf 92' lang='lat' dir='ltr'>tanto</span> <span class='ocrx_word' id='word_1_318' title='bbox 542 2832 694 2893; x_wconf 88' lang='lat' dir='ltr'>magis</span> <span class='ocrx_word' id='word_1_319' title='bbox 720 2845 1014 2894; x_wconf 82' lang='lat' dir='ltr'>oppressura</span> <span class='ocrx_word' id='word_1_320' title='bbox 1045 2834 1199 2893; x_wconf 86' lang='lat' dir='ltr'>ignes.</span> 
     </span>
    </p>

    <p class='ocr_par' dir='ltr' id='par_1_4' title="bbox 143 2896 1706 2964">
     <span class='ocr_line' id='line_1_39' title="bbox 143 2896 1706 2964; baseline 0.001 -18"><span class='ocrx_word' id='word_1_321' title='bbox 143 2896 225 2946; x_wconf 88' lang='grc'>58.</span> <span class='ocrx_word' id='word_1_322' title='bbox 260 2900 442 2948; x_wconf 86' lang='lat' dir='ltr'>Eodem</span> <span class='ocrx_word' id='word_1_323' title='bbox 478 2915 601 2949; x_wconf 88' lang='lat' dir='ltr'>anno</span> <span class='ocrx_word' id='word_1_324' title='bbox 644 2899 937 2948; x_wconf 87' lang='lat' dir='ltr'>Ruminalem</span> <span class='ocrx_word' id='word_1_325' title='bbox 975 2900 1196 2949; x_wconf 88' lang='lat' dir='ltr'>arborem</span> <span class='ocrx_word' id='word_1_326' title='bbox 1234 2902 1279 2948; x_wconf 91' lang='lat' dir='ltr'>in</span> <span class='ocrx_word' id='word_1_327' title='bbox 1319 2901 1544 2962; x_wconf 90' lang='lat' dir='ltr'>comitio,</span> <span class='ocrx_word' id='word_1_328' title='bbox 1585 2915 1706 2964; x_wconf 85' lang='lat' dir='ltr'>quae</span> 
     </span>
    </p>
   </div>
  </div>
 </body>
</html>
