1976 3224
576 182 749 218 LIBER
769 182 830 218 11.
855 180 978 218 CAP.
999 177 1200 222 32—36.
1675 165 1677 167 ’
1698 170 1769 218 55

93 310 320 374 precibus
355 316 591 357 tenerent.
660 308 786 358 haud
829 310 982 356 minus
1023 308 1163 356 liberi
1206 308 1392 357 doloris
1429 307 1769 357 documentum

90 380 215 428 idem
237 379 349 427 Piso
377 394 490 427 mox
516 377 645 427 dedit
673 385 846 428 vocata
873 380 921 426 in
946 379 1020 426 ius
1048 378 1328 440 Urgulania,
1356 392 1495 441 quam
1524 392 1671 442 supra
1697 378 1766 426 le-

89 464 179 512 ges
205 449 409 497 amicitia
446 448 695 510 Augustae
730 448 985 496 extulerat.
1045 462 1139 495 nec
1173 455 1252 496 aut
1281 446 1543 509 Urgulania
1581 454 1765 511 optem-

90 519 298 583 peravit,
325 519 372 566 in
399 518 586 566 domum
615 516 841 566 Caesaris
865 524 1033 581 spreto
1061 517 1238 565 Pisone
1260 524 1418 579 vecta,
1447 524 1525 565 aut
1549 517 1632 565 ille
1656 517 1761 567 abs·
1783 525 1827 558 10

91 589 267 651 cessit,
311 602 595 651 quamquam
632 587 853 650 Augusta
882 602 935 636 se
961 587 1133 635 violari
1159 594 1208 635 et
1232 586 1438 635 imminui
1463 594 1765 650 quereretur.

90 658 310 707 Tiberius
335 657 568 705 hactenus
593 656 846 719 indulgere
875 657 1013 705 matri
1047 657 1190 704 civile
1217 664 1377 718 ratuS,
1418 663 1468 704 ut
1502 671 1555 704 se
1594 658 1768 705 iturum
1843 661 1847 665 ’

89 727 148 776 ad
173 727 417 791 praetoris
444 726 666 788 tribunal,
698 726 966 775 adfuturum
992 726 1289 788 Urgulaniae
1315 725 1523 788 diceret,
1563 740 1765 790 proces-

89 798 148 846 sit
173 796 385 858 Palatio,
412 795 587 860 procul
618 797 754 859 sequi
781 796 923 843 iussis
948 795 1192 843 militibus
1246 794 1559 859 spectabatur
1596 811 1766 844 occur-

88 874 223 915 sante
265 865 452 930 populo
488 866 787 929 compositus
827 880 913 913 ore
951 873 998 912 et
1043 865 1344 928 sermonibus
1392 865 1539 914 variis
1576 871 1765 930 tempus
1783 879 1826 914 15

88 944 232 1000 atque
259 936 351 984 iter
375 935 574 998 ducenS,
601 934 760 983 donec
779 936 1065 999 propinquis
1085 934 1311 984 Pisonem
1331 934 1511 982 frustra
1533 949 1765 984 coercen-

87 1005 213 1054 tibus
238 1005 419 1055 deferri
443 1005 665 1067 Augusta
692 1006 958 1069 pecuniam,
991 1019 1113 1068 quae
1138 1004 1411 1069 petebatur,
1441 1003 1645 1053 iuberet.
1701 1005 1765 1052 is-

87 1091 179 1140 que
204 1076 310 1124 finis
335 1076 431 1137 rei,
470 1091 532 1123 ex
566 1090 658 1138 qua
693 1089 850 1137 neque
877 1075 987 1122 Piso
1024 1075 1261 1137 inglorius
1301 1081 1350 1122 et
1376 1072 1560 1123 Caesar
1582 1075 1768 1123 maiore

86 1145 208 1194 fama
235 1144 337 1193 fuit.
393 1152 608 1192 ceterum
637 1144 936 1206 Urgulaniae
974 1146 1189 1208 potentia
1237 1143 1361 1192 adeo
1401 1144 1540 1192 nimia
1586 1143 1768 1192 civitati

87 1222 206 1278 erat,
233 1221 283 1262 ut
309 1214 447 1262 testis
470 1214 517 1261 in
545 1228 690 1262 causa
719 1213 948 1277 quadam,
983 1229 1104 1277 qnae
1128 1213 1255 1278 apud
1280 1220 1498 1262 senatum
1526 1211 1762 1262 tractaba-
1781 1221 1825 1254 2⁰

86 1291 177 1346 tur,
206 1285 374 1332 venire
399 1282 767 1346 dedignaretur:
808 1284 981 1332 missus
1006 1290 1081 1331 est
1107 1291 1306 1347 praetor
1336 1283 1416 1346 qui
1454 1283 1582 1331 domi
1621 1283 1764 1331 inter—

86 1360 300 1417 rogaret,
333 1369 439 1402 cum
465 1350 687 1416 virgines
716 1353 945 1402 Vestales
971 1355 1018 1400 in
1042 1353 1151 1401 foro
1177 1360 1225 1401 et
1249 1352 1425 1401 iudicio
1445 1352 1624 1415 audiri,
1648 1367 1764 1416 quo-

86 1424 208 1473 tiens
234 1423 557 1472 testimonium
579 1422 812 1486 dicerent,
840 1431 981 1471 vetus
1005 1437 1109 1471 mos
1137 1423 1298 1471 fuerit.

192 1493 276 1542 35.
310 1493 410 1542 Res
435 1507 496 1541 eo
524 1507 648 1541 anno
679 1493 893 1556 prolatas
919 1492 1043 1541 haud
1068 1493 1330 1554 referrem,
1372 1493 1419 1539 ni
1450 1492 1654 1554 pretium
1691 1493 1763 1540 fo-

85 1569 158 1611 ret
188 1560 275 1610 Gn.
303 1561 493 1611 Pisonis
517 1570 564 1610 et
585 1561 740 1610 Asinii
767 1561 890 1611 Galli
921 1578 1069 1626 super
1095 1577 1155 1610 eo
1182 1562 1385 1624 negotio
1413 1561 1629 1610 diversas
1656 1576 1764 1610 sen-

85 1632 258 1681 tentias
282 1646 508 1680 noscere.
551 1631 682 1694 Piso,
711 1646 994 1696 quamquam
1018 1632 1253 1680 afuturum
1278 1647 1332 1680 se
1355 1631 1540 1680 dixerat
1561 1629 1764 1693 Caesar,

85 1701 147 1750 ob
174 1701 222 1750 id
248 1703 402 1764 magis
424 1700 638 1764 agendas
665 1701 923 1764 censebat,
962 1709 1012 1750 ut
1049 1701 1249 1749 absente
1291 1702 1511 1766 principe
1548 1708 1765 1749 senatum

85 1778 132 1820 et
160 1771 348 1834 equites
383 1786 531 1836 posse
568 1786 652 1820 sua
690 1773 845 1819 munia
887 1772 1123 1819 sustinere
1160 1771 1394 1820 decorum
1427 1771 1499 1818 rei
1536 1770 1760 1834 publicae
1783 1791 1805 1824 5

85 1841 231 1889 foret.
280 1840 461 1903 Gallus,
489 1842 599 1904 quia
627 1842 845 1904 speciem
871 1841 1107 1889 libertatis
1128 1840 1240 1888 Piso
1270 1848 1621 1905 praeceperat,
1648 1840 1765 1889 nihil

86 1910 204 1958 satis
225 1910 425 1958 inlustre
456 1917 534 1958 aut
570 1925 633 1958 ex
662 1910 893 1972 dignitate
933 1910 1105 1973 populi
1139 1909 1342 1959 Romani
1379 1911 1469 1958 nisi
1513 1924 1675 1959 coram
1716 1917 1765 1958 et

85 1978 171 2027 sub
214 1979 368 2028 oculis
410 1977 660 2041 CaesariS,
697 1993 857 2042 eoque
896 1985 1187 2027 conventum
1224 1978 1392 2028 btaliae
1434 1986 1482 2027 et
1513 1979 1764 2028 adfluentis

85 2049 361 2112 provincias
388 2049 695 2114 praesentiae
725 2049 828 2096 eius
856 2048 1097 2097 servanda
1123 2048 1330 2097 dicebat.
1382 2048 1607 2097 audiente
1638 2048 1763 2096 haec

84 2117 278 2166 Tiberio
308 2134 363 2167 ac
402 2119 576 2167 silente
611 2119 801 2180 magnis
824 2119 1062 2182 utrimque
1090 2117 1477 2167 contentionibus
1501 2125 1644 2182 acta,
1672 2118 1760 2167 sed
1778 2138 1822 2172 ιο

83 2203 163 2236 res
197 2187 388 2237 dilatae.
864 2217 867 2220 -

186 2256 269 2306 36.
308 2257 371 2306 Et
398 2264 641 2306 certamen
679 2255 818 2305 Gallo
855 2256 1091 2306 adversus
1117 2256 1378 2306 Caesarem
1415 2263 1635 2305 exortum
1671 2264 1762 2305 est.

82 2341 187 2375 nam
217 2328 402 2375 censuit
431 2328 479 2375 in
507 2327 878 2391 quinquennium
904 2329 1267 2390 magistratuum
1293 2327 1485 2375 comitia
1520 2326 1761 2388 habenda,

81 2403 225 2460 utque
251 2396 497 2459 legionum
522 2397 699 2459 legati,
742 2397 821 2459 qui
857 2404 966 2445 ante
1009 2403 1281 2462 praeturam
1316 2411 1375 2445 ea
1399 2396 1564 2444 militia
1590 2397 1760 2457 funge-

81 2464 264 2527 bantur,
291 2467 384 2514 iam
410 2473 505 2514 tum
536 2472 792 2529 praetores
824 2465 1206 2529 destinarentur,
1239 2467 1472 2531 princeps
1505 2464 1762 2513 duodecim

83 2534 361 2583 candidatos
387 2536 435 2582 in
466 2548 617 2583 annos
655 2535 875 2596 singulos
909 2536 1192 2584 nominaret.
1262 2535 1386 2584 haud
1425 2534 1616 2582 dubium
1653 2541 1800 2582 erats

84 2617 186 2652 eam
212 2605 493 2653 sententiam
529 2603 669 2653 altius
704 2611 961 2667 penetrare
996 2611 1044 2652 et
1082 2620 1259 2653 arcana
1294 2604 1484 2667 imperii
1519 2603 1757 2667 temptari.

84 2672 302 2722 Tiberius
336 2680 522 2736 tamen,
577 2673 712 2737 quasi
761 2680 1020 2735 augeretur
1059 2680 1280 2736 potestas
1327 2674 1460 2734 eius,
1505 2672 1757 2721 disseruit:

82 2756 233 2804 grave
261 2743 581 2791 moderationi
609 2755 724 2790 suae
750 2748 822 2789 tot
848 2742 1052 2804 eligere,
1079 2749 1151 2789 tot
1176 2741 1387 2790 differre.
1447 2742 1529 2799 vix
1556 2757 1644 2806 per
1664 2742 1757 2789 sin-

83 2811 226 2872 gulos
255 2827 407 2862 annos
435 2812 730 2861 offensiones
761 2810 927 2874 vitari,
968 2812 1183 2874 quamvis
1203 2811 1447 2874 repulsam
1484 2811 1758 2875 propinqua

84 2894 198 2944 spes
231 2881 442 2930 soletur:
480 2889 703 2945 quantum
740 2879 834 2928 odii
865 2880 971 2928 fore
1010 2879 1070 2930 ab
1110 2881 1168 2928 iis
1212 2881 1293 2943 qui
1337 2879 1459 2929 ultra
1496 2881 1818 2945 quinquen-10
