1976 3224
551 163 730 200 «minut
751 164 865 200 xlv.
902 164 1025 202 CAP.
1057 162 1255 207 23—29.
1637 157 1742 207 265.

75 291 162 339 sed
197 290 325 354 quod
365 291 442 339 diu
479 291 624 340 obses
666 291 789 356 apud
815 290 981 339 urbem
1008 291 1191 354 fuerat,
1230 307 1381 356 usque
1416 293 1474 342 ad
1511 294 1737 342 servilem

24 377 29 385 “
75 361 348 424 patientiam
377 359 626 410 demissus
688 375 780 409 nec
816 375 1057 409 consensu
1085 369 1344 426 acceptuS,
1388 362 1586 411 durante
1614 364 1740 427 apud

75 429 304 493 quosdam
342 430 511 479 favore
549 429 901 479 Arsacidarum.
966 438 1014 479 at
1052 431 1274 495 plerique
1315 432 1588 496 superbiam
1626 433 1800 482 Par-10

74 499 260 548 thorum
300 501 464 562 perosi
504 499 658 548 datum
701 515 726 548 a
752 500 979 549 Romanis
1018 515 1187 563 regem
1214 501 1472 550 malebant.
1533 502 1739 551 additum

76 571 120 618 ei
149 568 436 632 praesidium
465 569 596 618 mille
627 570 913 633 legionarii,
942 578 1041 618 tres
1069 572 1310 619 sociorum
1340 571 1568 620 cohortes
1597 572 1738 622 duae-

77 652 168 702 que
193 639 401 702 equitum
435 639 569 702 alae,
606 647 652 688 et
696 654 790 704 quo
832 639 1020 688 facilius
1055 654 1227 688 novum
1270 656 1469 703 regnum
1507 650 1738 704 tueretur,

77 723 188 772 pars
214 707 500 772 Armeniae,
528 717 576 758 ut
608 709 776 773 cuique
804 710 1025 771 finitima,
1058 709 1363 759 Pharasmani
1393 710 1739 776 Polemonique

73 785 121 826 et
149 776 432 830 Aristobulo
471 786 611 843 atque
648 778 890 827 Antiocho
927 794 1100 842 parere
1138 781 1296 828 iussae
1334 788 1456 829 sunt.
1520 780 1734 830 Corbulo
1757 792 1799 824 1⁵

72 848 119 895 in
159 847 341 896 Suriam
379 846 642 910 abscessit,
679 856 831 896 morte
870 848 1087 898 Ummidii
1126 848 1276 911 legati
1315 863 1515 898 vacuam
1557 866 1613 899 ac
1650 850 1740 899 sibi

73 918 368 981 permissam.

177 986 271 1047 27,
295 985 479 1035 Eodem
518 1002 640 1036 anno
679 1002 739 1035 ex
775 986 1053 1035 inlustribus
1091 987 1239 1036 Asiae
1275 987 1471 1037 urbibus
1501 988 1739 1039 Laodicea

71 1063 282 1104 tremore
318 1063 479 1105 terrae
519 1057 777 1121 prolapsa,
814 1057 944 1105 nullo
985 1071 1019 1105 a
1055 1057 1195 1105 nobis
1234 1057 1478 1119 remedi0,
1529 1060 1739 1122 propriis

73 1124 245 1189 opibus
271 1125 492 1174 revaluit.
560 1133 606 1174 at
632 1127 680 1174 in
705 1125 843 1174 Italia
869 1133 1007 1174 vetus
1035 1126 1260 1191 oppidum
1285 1126 1475 1176 Puteoli
1504 1129 1577 1176 ius
1605 1129 1736 1177 colo-

71 1197 181 1244 niae
205 1201 253 1243 et
283 1203 655 1258 cognomentum
683 1211 709 1245 a
734 1195 931 1244 Nerone
962 1198 1255 1259 apiscuntur.
1317 1198 1532 1244 veterani
1559 1197 1735 1246 Taren-

74 1271 168 1312 tum
215 1271 264 1312 et
297 1263 488 1313 Antium
527 1265 757 1329 adscripti
797 1279 891 1313 non
930 1272 1087 1314 tamen
1127 1265 1480 1329 infrequentiae
1516 1265 1733 1316 locorum
1757 1284 1776 1315 5

74 1333 370 1396 subvenere,
409 1334 608 1398 dilapsis
641 1334 855 1398 pluribus
893 1336 942 1383 in
975 1336 1248 1400 provincias
1285 1336 1330 1382 in
1359 1335 1529 1399 quibus
1558 1338 1736 1400 stipen—

73 1403 149 1452 dia
173 1403 514 1467 expleverant3
551 1419 708 1468 neque
748 1406 986 1467 coniugiis
1021 1403 1342 1468 suscipiendis
1371 1420 1528 1468 neque
1551 1406 1737 1455 alendis

73 1471 243 1521 liberis
284 1475 406 1522 sueti
441 1472 586 1522 orbas
623 1475 725 1522 sine
768 1475 978 1537 posteris
1012 1475 1182 1523 domos
1217 1473 1568 1538 relinquebant.
1641 1491 1737 1524 non

73 1543 226 1605 enim,
253 1549 302 1591 ut
327 1542 466 1604 olim,
493 1544 746 1592 universae
775 1543 998 1607 legiones
1023 1542 1381 1592 deducebantur
1407 1558 1511 1591 cum
1536 1543 1736 1593 tribunis

74 1619 121 1661 et
160 1612 513 1661 centurionibus
549 1620 597 1661 et
634 1613 706 1661 sui
747 1615 977 1677 cuiusque
1016 1611 1195 1661 ordinis
1233 1611 1485 1674 militibus,
1538 1621 1587 1662 ut
1624 1629 1733 1662 con-
1756 1630 1797 1662 10

72 1695 217 1730 sensu
237 1688 285 1730 et
306 1682 505 1731 caritate
528 1697 631 1731 rem
656 1681 896 1746 publicam
923 1682 1203 1744 efficerent,
1229 1681 1315 1729 sed
1340 1683 1493 1744 ignoti
1518 1683 1640 1732 inter
1669 1700 1737 1746 se,

74 1750 276 1798 diversis
320 1752 603 1816 manipuliS,
659 1753 763 1800 sine
808 1759 1032 1815 rectore,
1088 1753 1189 1800 sine
1234 1750 1503 1800 adfectibus
1546 1755 1736 1815 mutuiS,

74 1821 207 1884 quasi
252 1834 311 1868 ex
349 1819 444 1868 alio
481 1835 664 1884 genere
706 1821 974 1870 mortalium
1013 1828 1216 1885 repente
1261 1821 1308 1868 in
1346 1835 1487 1868 unum
1522 1822 1736 1884 collecti,

73 1903 294 1936 numerus
317 1890 469 1951 magis
497 1904 636 1953 quam
665 1889 871 1938 colonia.

179 1956 262 2007 28.
314 1957 516 2008 Comitia
563 1965 836 2022 praetorum
882 1958 1078 2007 arbitrio
1124 1966 1318 2007 senatus
1362 1958 1532 2007 haberi
1576 1960 1736 2023 solita,

74 2029 295 2092 quoniam
320 2029 510 2077 acriore
537 2027 714 2076 ambitu
743 2035 1041 2090 exarserant,
1069 2029 1298 2091 princeps
1324 2029 1610 2092 composuit,
1637 2032 1737 2092 triS,

74 2098 151 2161 qui
185 2112 330 2160 supra
357 2112 599 2146 numerum
624 2095 876 2161 petebant,
900 2096 1081 2160 legioni
1108 2096 1452 2161 praeficiendo.
1512 2100 1739 2162 auxitque

75 2173 258 2231 patrum
298 2165 531 2215 honorem
580 2165 830 2215 statuendo
868 2173 940 2229 ut,
984 2167 1062 2230 qui
1100 2181 1127 2214 a
1167 2166 1365 2231 privatis
1403 2165 1640 2216 iudicibus
1680 2168 1738 2216 ad

75 2243 287 2284 senatum
324 2237 749 2298 provocavissent,
786 2235 998 2284 eiusdem
1034 2236 1270 2298 pecuniae
1306 2235 1570 2298 periculum
1605 2237 1776 2285 face—5

74 2311 180 2353 rent
205 2305 337 2352 cuius
359 2307 494 2369 siqui
519 2307 859 2369 imperatorem
881 2304 1224 2369 appellavere;
1253 2318 1359 2352 nam
1376 2311 1516 2354 antea
1537 2321 1737 2355 vacuum

74 2373 119 2422 id
176 2374 476 2438 solutumque
521 2389 677 2439 poena
730 2374 902 2422 fuerat.
979 2375 1070 2422 line
1116 2375 1223 2423 anni
1267 2372 1438 2422 Vibius
1488 2374 1737 2423 Secundus

76 2458 225 2508 eques
263 2442 503 2492 Romanus
554 2443 888 2492 accusantibus
926 2442 1102 2492 Mauris
1141 2441 1509 2506 repetundarum
1548 2443 1735 2491 damna-

77 2520 149 2561 tur
179 2521 321 2576 atque
349 2511 484 2561 ltalia
513 2513 748 2574 exigitur,
790 2527 849 2559 ne
874 2514 1101 2575 graviore
1131 2526 1287 2577 poena
1314 2510 1628 2574 adficeretur,
1656 2511 1735 2560 Vi-

77 2580 139 2630 bii
167 2580 327 2645 Crispi
351 2581 510 2630 fratris
540 2580 711 2644 opibus
739 2582 916 2629 enisus.
1756 2602 1796 2635 10

182 2649 264 2701 29.
306 2650 547 2700 Caesonio
586 2649 733 2699 Paeto
779 2657 826 2697 et
858 2649 1083 2699 Petronio
1131 2649 1408 2713 Turpiliano
1461 2650 1736 2698 consulibus

77 2720 238 2782 gravis
275 2720 440 2769 clades
478 2721 524 2768 in
552 2719 790 2768 Britannia
828 2726 1058 2782 accepta,
1096 2719 1141 2766 in
1182 2733 1272 2782 qua
1300 2732 1456 2782 neque
1485 2717 1544 2766 A.
1572 2718 1737 2768 Didius

78 2787 291 2852 legatus,
333 2796 383 2838 ut
426 2788 714 2849 memoravi,
761 2787 848 2836 nisi
894 2795 1027 2852 parta
1063 2789 1351 2848 retinuerat,
1392 2794 1439 2834 et
1476 2802 1738 2837 successor

79 2854 313 2907 Veranius
347 2857 546 2907 modicis
584 2855 863 2906 excursibus
898 2857 1080 2905 Siluras
1133 2856 1414 2921 populatuS,
1472 2857 1581 2920 q'uin
1615 2858 1735 2907 ultra
