1976 3224
527 188 702 225 LIBER
727 188 809 226 111.
842 188 967 226 CAP.
991 186 1190 230 29——33-
1667 177 1732 228 93

25 315 29 323 ‘
69 318 183 374 ruit;
223 323 272 364 et
313 315 608 365 satisfactum
637 313 901 363 Corbuloni
941 330 1029 379 per
1067 316 1384 378 Mamercum,
1424 317 1503 380 qui
1541 322 1736 379 patruus

70 385 207 436 simul
241 399 299 433 ac
333 386 533 433 vitricus
570 383 733 432 Sullae
771 391 819 432 et
863 391 1104 447 oratorum
1150 399 1213 433 ea
1258 391 1415 433 aetate
1469 385 1737 433 uberrimus

69 462 188 504 erat.
241 455 367 503 idem
395 451 607 502 Corbulo
633 453 834 517 plurima
870 468 958 518 per
981 453 1163 502 Italiam
1198 455 1368 502 itinera
1406 454 1573 503 fraude
1610 469 1736 502 man-

71 527 228 589 cipum
263 531 311 572 et
346 524 526 571 incuria
565 524 922 585 magistratuum
955 524 1219 587 interrupta
1257 530 1304 571 et
1330 524 1548 587 inpervia
1576 523 1795 571 clami-20

68 593 230 655 tando,
258 594 618 642 exsecutionem
642 593 743 640 eius
770 593 952 655 negotii
986 591 1142 641 libens
1177 595 1416 656 suscepit;
1458 592 1587 656 quod
1613 592 1738 641 haud

71 662 275 728 perinde
292 661 487 726 publice
524 662 629 710 usui
664 661 873 710 habitum
910 677 1046 725 quam
1089 663 1343 710 exitiosum
1386 663 1575 723 multiS,
1621 676 1737 726 quo-

69 748 170 781 rum
195 733 242 779 in
287 732 536 795 pecuniam
573 738 715 795 atque
752 731 924 780 famam
965 730 1342 780 damnationibus
1381 738 1429 779 et
1463 731 1598 780 hasta
1633 745 1737 779 sae·
1796 740 1801 742 ’

69 800 244 850 viebat.

173 869 255 920 32.
292 869 462 933 Neque
487 870 635 918 multo
662 876 775 934 post
801 870 960 917 missis
986 869 1044 918 ad
1082 876 1297 918 senatum
1335 869 1488 918 literis
1515 869 1738 918 Tiberius

68 947 244 988 motam
269 953 453 987 rursum
477 939 692 988 Africam
731 941 923 987 incursu
959 938 1277 987 Tacfarinatis
1314 938 1500 1001 docuit,
1539 938 1737 986 iudicio-

56 1004 164 1072 ¹que
197 1016 383 1073 patrum
423 1007 730 1072 deligendum
759 1022 848 1072 pro
891 1008 1090 1056 consule
1127 1023 1327 1071 gnarum
1365 1008 1588 1071 militiae,
1631 1022 1737 1056 cor-

69 1092 192 1142 pore
220 1077 427 1127 validum
453 1086 501 1126 et
538 1077 669 1126 bello
706 1078 1028 1125 suffecturum.
1083 1076 1212 1141 quod
1246 1078 1426 1125 initium
1457 1078 1570 1126 Sex.
1600 1077 1738 1125 Pom·

69 1149 210 1212 peius
245 1146 454 1210 agitandi
485 1146 717 1196 adversus
752 1146 962 1210 Marcum
997 1146 1228 1210 Lepidum
1273 1146 1369 1194 odii
1411 1155 1637 1208 nanctus,
1691 1153 1776 1194 ut5

69 1216 384 1277 socordem,
370 1230 564 1280 inopem
592 1224 640 1264 et
663 1211 946 1264 maioribus
950 1216 1049 1264 suis
1077 1215 1373 1264 dedecorum
1413 1230 1570 1280 eoque
1597 1216 1738 1264 etiam

69 1285 218 1334 Asiae
246 1293 378 1334 sorte
406 1285 744 1350 depellendum
770 1285 1031 1347 incusavit,
1069 1284 1275 1333 adverso
1314 1292 1512 1348 senatu,
1547 1286 1626 1349 qui
1649 1285 1736 1333 Le·

69 1354 230 1420 pidum
255 1356 414 1402 mitem
438 1355 590 1418 magis
617 1369 754 1419 quam
782 1354 1030 1417 ignavum,
1068 1361 1297 1418 paternas
1335 1355 1380 1402 ei
1418 1356 1663 1417 angustias
1692 1362 1739 1402 et

68 1423 367 1472 nobilitatem
391 1420 493 1472 sine
515 1423 697 1488 probro
719 1430 871 1472 actam
894 1423 1067 1472 honori
1089 1437 1228 1487 quam
1247 1425 1535 1486 ignominiae
1558 1423 1735 1472 haben-

69 1493 175 1541 dam
205 1491 423 1542 ducebat.
472 1494 616 1556 igitur
647 1494 817 1540 missus
851 1493 898 1541 in
922 1492 1111 1555 Asiam,
1140 1499 1189 1540 et
1214 1492 1273 1540 de
1298 1491 1466 1541 Africa
1491 1492 1735 1541 decretum
1755 1498 1795 1531 1⁰

73 1570 118 1610 ut
145 1561 324 1611 Caesar
342 1562 538 1625 legeret
566 1564 640 1611 cui
664 1562 927 1611 mandanda
952 1562 1096 1611 foret.

171 1631 253 1682 33.
284 1631 414 1680 Inter
441 1647 563 1696 quae
601 1632 810 1680 Severus
850 1629 1059 1680 Caecina
1097 1632 1283 1680 censuit
1318 1646 1380 1679 ne
1415 1645 1556 1694 quem
1589 1630 1736 1692 magi·

71 1708 283 1764 stratum,
312 1702 387 1749 cui
417 1703 668 1766 provincia
695 1700 1003 1762 obvenisset,
1041 1715 1165 1750 uxor
1192 1701 1518 1762 comitaretur,
1544 1699 1739 1747 multum

69 1778 178 1819 ante
203 1771 414 1835 repetito
443 1771 734 1820 concordem
761 1770 852 1819 sibi
880 1772 1134 1832 coniugem
1162 1778 1210 1818 et
1238 1785 1327 1818 sex
1347 1777 1512 1833 partus
1534 1769 1738 1830 enixam,

68 1854 220 1903 seque
247 1854 369 1903 quae
394 1840 441 1887 in
478 1839 719 1904 publicum
753 1847 984 1888 statueret
1018 1840 1144 1888 domi
1182 1839 1487 1901 servavisse,
1531 1837 1740 1886 cohibita

69 1909 191 1956 intra
218 1907 427 1969 Italiam,
466 1923 745 1973 quamquam
769 1910 876 1972 ipse
919 1908 1070 1972 pluris
1106 1923 1195 1972 per
1226 1909 1499 1972 provincias
1539 1907 1776 1972 quadra-⁵

5 2010 25 2018 ι
69 1979 198 2040 ginta
229 1976 463 2041 stipendia
489 1977 804 2041 explevisset.
854 1977 980 2025 haud
1006 1979 1129 2024 enim
1155 1977 1330 2025 frustra
1367 1976 1596 2040 placitum
1627 1976 1740 2023 olim

70 2054 132 2094 ‘ne
158 2046 364 2094 feminae
396 2047 442 2094 in
471 2048 633 2094 socios
662 2054 740 2094 aut
767 2053 940 2108 gentes
967 2053 1195 2094 externas
1215 2045 1546 2093 traherentur:
1576 2047 1740 2092 inesse

69 2114 317 2163 mulierum
382 2116 623 2164 comitatui
677 2130 800 2179 quae
854 2130 1026 2178 pacem
1065 2115 1209 2177 luxu,
1263 2114 1445 2162 bellum
1486 2113 1740 2162 formidine

69 2191 316 2233 morentur
370 2192 419 2233 et
475 2185 739 2234 Romanum
797 2199 971 2247 agmen
1024 2184 1084 2232 ad
1143 2182 1498 2232 similitudinem
1546 2182 1740 2232 barbari

70 2254 291 2303 incessus
344 2260 642 2303 convertant.
715 2268 812 2302 non
859 2252 1138 2302 inbecillum
1196 2260 1375 2301 tantum
1422 2261 1469 2301 et
1525 2254 1740 2317 inparem
1758 2267 1798 2300 10

69 2321 317 2372 laboribus
367 2338 559 2385 sexum,
618 2322 705 2372 sed
753 2323 793 2371 si
842 2322 1036 2372 licentia
1091 2322 1242 2384 adsit,
1302 2337 1526 2385 saevum,
1594 2321 1738 2371 ambi-

0 2421 1 2425 =
70 2392 271 2456 tiosum,
311 2393 567 2457 potestatis
601 2392 813 2448 avidum;
860 2391 1091 2440 incedere
1132 2393 1263 2453 inter,
1294 2390 1503 2452 militeS,
1558 2389 1739 2439 habere

71 2459 133 2510 ad
175 2476 360 2511 manum
406 2462 739 2518 centuriones;
786 2461 1096 2526 praesedisse
1138 2476 1292 2525 nuper
1333 2461 1559 2510 feminam
1603 2474 1738 2508 exer-

0 2546 1 2595 }
74 2529 187 2578 citio
219 2531 515 2592 cohortium,
569 2530 777 2579 decursu
824 2530 1084 2594 legionum.
1144 2532 1419 2594 cogitarent
1456 2531 1581 2594 ipsi,
1622 2541 1738 2592 quo·

73 2599 195 2648 tiens
245 2598 614 2664 repetundarum
672 2599 817 2663 aliqui
884 2607 1227 2663 arguerentur,
1297 2600 1437 2663 plura
1507 2597 1739 2645 uxoribus
1758 2606 1797 2639 1⁵

76 2666 334 2726 obiectari;
397 2668 472 2717 his
533 2669 690 2718 statim
743 2667 1098 2717 adhaerescere
1149 2668 1456 2716 deterrimum
1502 2681 1739 2730 quemque

77 2738 467 2802 provincialium,
521 2738 580 2787 ab
634 2738 708 2786 his
759 2738 957 2801 negotia
1006 2737 1214 2801 suscipi,
1265 2737 1492 2799 transigi;
1523 2735 1740 2788 duorum

76 2818 303 2867 egressus
341 2807 460 2870 coli,
511 2807 604 2856 duo
653 2822 764 2855 esse
795 2807 1066 2870 praetoria,
1112 2805 1447 2869 pervicacibus
1488 2806 1640 2868 magis
1693 2812 1740 2852 et

75 2872 396 2937 inpotentibus
437 2877 685 2925 mulierum
728 2876 897 2940 iussiS,
944 2891 1067 2940 quae
1110 2873 1280 2939 Oppiis
1327 2874 1564 2950 quondam
1610 2874 1737 2923 aliis-
