2008 3230
213 183 279 234 38
643 194 919 233 CORNELII
941 195 1137 233 TACITI
1156 196 1464 236 ANNALIUM

138 376 150 379 χ
211 325 386 373 minum
415 331 623 386 strages,
679 325 824 386 igitur
857 325 1042 372 censuit
1076 325 1270 374 Asinius
1299 324 1463 374 Gallus
1503 333 1554 374 ut
1589 327 1697 376 libri
1734 328 1890 378 Sibul-

211 394 294 443 lini
333 394 590 442 adirentur.
646 394 802 441 renuit
845 393 1094 459 Tiberius,
1134 395 1335 460 perinde
1387 394 1544 444 divina
1591 397 1891 464 humanaque

173 475 194 508 5
218 464 480 527 obtegens;
522 463 609 512 sed
643 462 907 511 remedium
948 464 1208 513 coercendi
1246 465 1451 513 fluminis
1486 464 1630 516 Ateio
1670 467 1891 533 Capitoni

210 543 258 583 et
297 534 349 582 L.
387 533 618 582 Arruntio
657 532 940 581 mandatum.
1013 534 1245 583 Achaiam
1282 551 1340 584 ac
1375 535 1707 586 Macedoniam
1742 553 1892 587 onera

210 604 519 669 deprecantis
544 603 697 651 levari
722 603 769 651 in
798 619 1031 668 praesens
1060 605 1398 669 proconsulari
1438 607 1640 672 imperio
1670 608 1889 673 tradique

211 674 412 724 Caesari
439 674 636 739 placuit.
693 672 892 722 edendis
923 673 1299 739 gladiatoribuS,
1340 691 1460 740 quos
1490 676 1759 726 Germanici
1795 679 1890 728 fra-

207 747 295 794 tris
329 759 387 793 ac
427 759 512 792 suo
554 744 745 792 nomine
789 743 1051 807 obtulerat,
1091 744 1278 793 Drusus
1317 746 1579 810 praesedit,
1608 763 1892 812 quamquam

152 834 192 867 10
211 815 292 863 vili
323 815 555 877 sanguine
587 814 724 862 nimis
755 813 998 876 gaudens;
1029 814 1156 878 quod
1178 815 1232 863 in
1256 815 1431 878 vulgus
1452 817 1818 867 formidolosum
1843 826 1892 867 et

211 892 349 950 pater
393 885 614 948 arguisse
660 883 927 932 dicebatur.
988 900 1072 932 cur
1110 884 1390 934 abstinuerit
1439 888 1721 951 spectaculo
1763 891 1889 953 ipse,

209 957 342 1005 varie
373 953 651 1011 trahebant;
683 954 765 1002 alii
797 953 955 1002 taedio
981 962 1169 1018 coetuS,
1194 955 1382 1020 quidam
1407 958 1595 1006 tristitia
1623 959 1804 1022 ingenii
1843 966 1892 1006 et

207 1033 336 1074 metu
373 1024 763 1089 conparationIS,
803 1025 914 1088 quia
939 1024 1187 1088 Augustus
1210 1026 1412 1089 comiter
1433 1028 1745 1076 interfuisset.
1795 1043 1891 1077 non

210 1094 496 1145 crediderim
541 1093 600 1143 ad
643 1095 974 1143 ostentandam
1023 1097 1273 1151 saevitiam
1315 1096 1677 1162 movendasque
1722 1098 1890 1163 populi

151 1184 191 1216 15
210 1166 504 1214 offensiones
529 1179 812 1214 concessam
836 1165 932 1213 filio
969 1166 1243 1229 materiem,
1278 1181 1560 1232 quamquam
1603 1168 1650 1216 id
1697 1183 1890 1233 quoque

207 1237 381 1285 dictum
417 1243 506 1284 est.

312 1308 395 1355 77.
432 1305 497 1353 At
521 1305 695 1354 theatri
720 1305 932 1367 licentia,
960 1307 1183 1370 proximo
1210 1308 1376 1372 priore
1405 1323 1528 1357 anno
1554 1314 1750 1372 coepta,
1779 1322 1889 1371 gra·

207 1378 313 1426 vius
338 1383 435 1424 tum
476 1377 658 1441 erupit,
696 1376 873 1424 occisis
913 1390 1009 1424 non
1047 1376 1191 1425 modo
1228 1393 1254 1425 e
1298 1377 1446 1442 plebe
1470 1386 1545 1426 set
1577 1377 1803 1426 militibus
1842 1384 1890 1426 et

209 1448 522 1508 centurione,
548 1445 798 1495 vulnerato
824 1445 1014 1494 tribuno
1043 1448 1320 1510 praetoriae
1350 1447 1589 1511 cohortiS,
1631 1448 1738 1496 dum
1776 1462 1887 1512 pro-

207 1517 294 1565 bra
328 1517 375 1564 in
405 1518 722 1578 magistratus
761 1510 809 1564 et
848 1515 1202 1566 dissensionem
1235 1517 1369 1580 vulgi
1395 1517 1679 1582 prohibent.x
1732 1524 1888 1567 actum

168 1604 188 1634 5
209 1588 267 1636 de
295 1602 352 1635 ea
374 1586 611 1636 seditione
634 1586 760 1652 apud
782 1594 948 1650 patres
969 1586 1346 1652 dicebanturque
1370 1589 1655 1650 sententiae,
1677 1594 1727 1636 ut
1747 1603 1887 1652 prae-

206 1656 392 1706 toribus
419 1658 491 1704 ius
518 1657 761 1718 virgarum
787 1658 836 1704 in
860 1656 1121 1706 histriones
1157 1664 1305 1707 esset.
1356 1658 1634 1706 intercessit
1663 1657 1886 1706 Haterius

205 1727 429 1792 Agrippa
468 1726 684 1774 tribunus
720 1725 884 1790 plebei
926 1727 1285 1792 increpitusque
1322 1734 1395 1776 est
1432 1727 1586 1776 Asinii
1613 1727 1739 1777 Galli
1779 1742 1884 1776 ora-

205 1800 355 1858 tione,
386 1796 559 1845 silente
581 1795 795 1859 Tiberio,
827 1797 905 1861 qui
929 1811 985 1846 ea
1007 1798 1259 1846 simulacra
1277 1797 1513 1846 libertatis
1536 1799 1723 1847 senatui
1743 1812 1883 1862 prae-

207 1867 369 1916 bebat.
425 1866 574 1915 valuit
597 1874 754 1915 tamen
779 1867 1098 1930 intercessio,
1128 1869 1237 1931 quia
1267 1867 1403 1916 divus
1433 1868 1681 1931 Augustus
1723 1869 1884 1934 immu7

68 1998 78 2003 Γ
151 1953 192 1985 10
208 1953 294 1986 nes
316 1936 573 1985 verberum
602 1936 864 1985 histriones
892 1937 1129 2000 quondam
1149 1938 1485 2003 responderat,
1518 1953 1677 2002 neque
1703 1938 1776 1987 fas
1806 1936 1883 1986 Ti-

92 2008 96 2012 ’
206 2008 343 2073 herio
364 2007 630 2070 infringere
653 2006 779 2058 dicta
799 2008 916 2054 eius.
968 2006 1026 2055 de
1048 2008 1189 2057 modo
1211 2007 1389 2057 lucaris
1415 2016 1462 2057 et
1489 2008 1720 2057 adversus
1743 2007 1882 2056 lasci·

206 2079 331 2127 viam
360 2078 596 2126 fautorum
621 2076 766 2126 multa
793 2077 1139 2135 decernuntur;
1182 2094 1243 2127 ex
1283 2080 1388 2144 quis
1423 2079 1627 2127 maxime
1659 2078 1881 2140 insignia,

206 2164 267 2196 ne
295 2147 464 2196 domos
491 2148 1110 2211 pantomimorum-senator
1137 2149 1370 2210 introiret,
1397 2163 1457 2196 ne
1488 2147 1797 2211 egredientes
1835 2147 1883 2194 in

208 2218 449 2283 publicum
476 2218 663 2280 equites
689 2217 892 2267 Romani
922 2220 1175 2282 cingerent
1204 2226 1282 2267 aut
1306 2217 1419 2266 alibi
1447 2232 1585 2282 quam
1613 2218 1660 2265 in
1693 2216 1880 2266 theatro

152 2310 190 2342 15
210 2294 559 2352 spectarentur,
588 2295 635 2335 et
662 2289 979 2350 spectantium
1008 2288 1356 2336 immodestiam
1377 2288 1524 2336 exilio
1546 2286 1772 2337 multandi
1794 2300 1879 2351 po-

208 2365 357 2407 testas
386 2356 690 2421 praetoribus
719 2358 872 2406 fieret.

312 2426 396 2477 78.
437 2425 685 2491 Templum
720 2435 768 2475 ut
802 2427 849 2474 in
884 2427 1075 2476 colonia
1113 2427 1466 2476 Tarraconensi
1495 2434 1760 2475 strueretur
1781 2427 1877 2477 Au·

208 2504 352 2560 gusto
394 2496 668 2560 petentibus
717 2496 943 2561 Hispanis
982 2498 1292 2561 permissum,
1335 2497 1592 2561 datumque
1626 2498 1674 2544 in
1709 2510 1877 2544 omnes

209 2568 487 2632 provincias
514 2565 802 2630 exemplum.
848 2568 1155 2615 centesimam
1178 2582 1335 2615 rerum
1356 2567 1594 2616 venalium
1618 2572 1730 2630 post
1749 2565 1879 2614 bella

211 2637 370 2686 civilia
395 2636 654 2685 institutam
694 2636 989 2701 deprecante
1027 2637 1210 2701 populo
1249 2637 1396 2685 edixit
1422 2637 1642 2685 Tiberius
1669 2635 1877 2684 militare

171 2718 190 2749 5
210 2708 442 2756 aerarium
469 2721 528 2754 eo
557 2706 767 2755 subsidio
792 2707 898 2763 niti;
927 2707 1062 2755 simul
1085 2709 1315 2771 imparem
1338 2708 1473 2755 oneri
1495 2721 1596 2755 rem
1623 2704 1877 2768 publicam,

209 2777 298 2824 nisi
325 2777 589 2825 vicensimo
618 2777 812 2825 militiae
838 2791 959 2825 anno
987 2779 1200 2825 veterani
1222 2776 1583 2824 dimitterentur.
1627 2776 1690 2824 ita
1711 2776 1876 2838 proxi·

210 2860 314 2894 mae
343 2845 591 2893 seditionis
626 2846 748 2894 male
786 2846 1030 2909 consulta,
1070 2846 1238 2910 quibus
1280 2845 1494 2912 sedecim
1531 2844 1877 2908 stipendiorum

213 2917 354 2964 linem
383 2923 742 2979 expresserant,
772 2915 949 2964 abolita
968 2918 1014 2963 in
1047 2910 1308 2980 posterum.
