1976 3224
0 2794 4 2969 ἓ

11 2836 17 2946 z

0 2949 18 3096 l

15 3100 19 3147 Ι

0 3179 20 3224 ,ἓ

652 243 824 281 LIBER
845 243 897 280 v.
933 242 1056 281 CAP.
1084 240 1112 281 2
1128 259 1188 266 -—
1203 239 1246 282 5.
1676 229 1769 277 151

106 374 378 423 descivisse
406 371 656 436 populum;
686 370 833 418 audiri
860 371 949 419 iam
976 377 1022 417 et
1050 369 1148 432 legi
1175 382 1326 416 novas
1355 368 1621 429 contioneS,
1649 381 1787 416 nova.

111 450 298 508 patrum
327 441 570 496 consulta;
606 439 715 505 quid
751 438 985 503 reliquum
1022 440 1110 486 nisi
1154 445 1201 485 ut
1244 443 1475 502 caperent
1500 436 1678 484 ferrum
1709 443 1771 499 et,

111 526 313 575 quorum
338 510 568 572 imagines
596 524 684 574 pro
715 509 905 556 vexillis
936 509 1089 556 secuti
1115 508 1303 570 forent,
1333 506 1482 555 duces
1518 507 1772 570 imperato-

109 595 291 643 resque
321 577 625 642 deligerent?

213 649 260 696 5.
287 649 459 711 *Igitur
495 646 675 696 Caesar
711 647 929 712 repetitis
965 644 1219 694 adversum
1265 652 1493 710 nepotem
1529 651 1576 693 et
1610 657 1775 692 nurum

108 717 304 782 probris
331 719 660 782 increpitaque
693 731 780 782 per
805 716 1009 764 edictum
1039 715 1204 779 plebe,
1233 723 1430 779 questus
1456 713 1584 779 apud
1611 720 1774 777 patres

106 786 239 850 quod
273 785 436 835 fraude
463 788 598 834 unius
640 786 879 834 senatoris
922 785 1228 849 imperatoria
1265 785 1491 833 maiestas
1528 783 1661 832 elusa
1691 798 1772 848 pu-

106 855 238 904 blice
279 855 434 918 foret,
471 857 660 918 integra
696 862 853 903 tamen
890 854 979 902 sibi
1004 861 1175 902 cuncta
1202 854 1478 918 postulavit.
1535 867 1627 900 nec
1651 851 1772 901 ultra

111 923 423 974 deliberatum
451 939 546 988 quo
571 925 722 972 minus
749 938 845 971 non
876 923 1066 986 quidem
1093 930 1306 971 extrema
1344 922 1665 971 decernerent
1701 920 1775 982 (id
1793 928 1813 959 5
1852 957 1854 959 μ

59 1004 77 1013 “
108 994 235 1042 enim
262 995 514 1058 vetitum),
545 993 631 1042 sed
659 1000 853 1058 paratos
880 991 939 1040 ad
967 992 1194 1040 ultionem
1221 994 1266 1039 vi
1297 992 1527 1056 principis
1555 990 1775 1055 impediri

105 1069 413 1112 testarentur.

453 1555 1006 1622 CORNELII
1056 1555 1445 1620 TACITI

535 1689 610 1740 AB
647 1686 898 1741 EXCESSU
935 1688 1056 1739 DIVI
1092 1686 1340 1740 AUGUSTi

367 1798 1509 1879 ANNALIUM

725 1940 1001 1992 LIBER
1041 1941 1142 1991 VI.

115 2196 464 2241 BREVIARIUM.
514 2195 612 2249 Cap.
642 2197 678 2237 l.
709 2197 859 2250 (=V‚
881 2197 955 2249 6.)
988 2197 1165 2238 Seianus
1194 2197 1355 2237 detecta
1386 2195 1580 2248 cupidine
1609 2194 1772 2246 imperii

172 2253 449 2309 pervertitur,
498 2253 639 2292 2—4.
687 2265 779 2294 cum
820 2266 975 2308 magna
1013 2254 1240 2294 amicorum
1285 2259 1441 2306 strage.
1504 2251 1547 2294 5.
1586 2249 1773 2289 Pseudo·

169 2312 351 2351 Drusum
389 2309 652 2361 persequitur
691 2309 911 2365 Poppaeus
951 2310 1146 2351 Sabinus.
1215 2308 1255 2351 6.
1294 2308 1513 2349 Discordia
1554 2306 1772 2347 consulum

171 2368 217 2408 L.
247 2363 422 2406 Fulcinii
449 2364 613 2405 Trionis
648 2371 688 2407 et
714 2366 760 2407 P.
792 2366 975 2407 Memmii
1007 2367 1172 2420 Reguli.
1224 2367 1264 2407 7.
1303 2364 1459 2406 Tiberii
1494 2363 1643 2404 foedae
1677 2362 1771 2402 libi-

170 2424 304 2464 dines.
355 2420 396 2461 8.
435 2422 482 2461 In
510 2420 649 2462 Seiani
688 2429 728 2464 et
763 2423 906 2464 Liviae
940 2426 1183 2464 memoriam
1219 2423 1413 2463 saevitur.
1463 2419 1641 2473 Togonii
1668 2419 1771 2458 adu-

171 2480 366 2520 lationem
389 2478 584 2531 princeps
610 2479 766 2529 irridet,
792 2479 834 2522 9.
865 2478 1062 2521 Gallionis
1089 2480 1274 2532 increpat
1291 2486 1330 2519 et
1342 2479 1474 2531 punit.
1493 2475 1769 2516 Paconianus.

176 2535 242 2576 10.
271 2533 463 2574 Latiaris.
491 2533 718 2575 Discidium
742 2536 962 2576 consulum
988 2535 1106 2576 sedat
1124 2535 1344 2575 Maximus.
1380 2534 1444 2575 11.
1474 2533 1592 2573 Cotta
1613 2530 1771 2569 Messa·

172 2584 282 2631 linus
304 2595 536 2630 accusatus.
559 2590 624 2630 12.
648 2591 799 2632 Tiberii
822 2591 1057 2639 confessio;
1081 2597 1349 2643 tyrannorum
1374 2589 1534 2630 occulta
1553 2585 1768 2638 supplicia.

175 2646 242 2688 13.
267 2645 549 2695 Caecilianus,
578 2645 803 2696 Servaeus,
831 2647 1035 2687 Thermus
1060 2648 1258 2687 damnati.
1311 2646 1550 2686 Delationes
1584 2642 1767 2682 crebrae.

178 2703 243 2744 14.
271 2701 336 2743 15.
366 2700 419 2741 M.
448 2701 680 2752 Terentius,
708 2703 760 2744 ob
786 2702 927 2744 Seiani
953 2704 1175 2743 amicitiam
1197 2699 1629 2755 accusatus‚vegregie
1657 2703 1696 2737 et
1721 2698 1771 2737 l’i·

177 2759 274 2799 bere
309 2770 354 2798 se
379 2757 566 2798 defendit
602 2765 641 2798 et
663 2759 904 2800 absolvitur.
946 2759 1137 2799 Vistilius
1165 2771 1209 2798 se
1242 2757 1449 2798 interimit.
1494 2755 1639 2795 Plures
1677 2766 1772 2807 gre·

177 2816 305 2868 gatim
333 2815 526 2854 accusati.

265 2870 328 2911 16.
369 2869 414 2910 L.
438 2870 602 2911 Pisonis
624 2869 830 2924 pontificis
858 2872 970 2910 mo'rs
995 2877 1033 2909 et
1062 2870 1200 2910 funus.
1246 2869 1311 2909 17.
1339 2867 1630 2908 praefecturae
1656 2867 1771 2907 urbis

181 2927 297 2979 origo
323 2933 362 2966 et
389 2938 655 2980 progressus.
705 2925 770 2967 18.
799 2926 858 2966 De
884 2924 1098 2978 Sibyllinis
1118 2926 1371 2965 carminibus
1399 2924 1659 2964 consultatio.
1704 2923 1771 2964 19.
