1976 3224
556 187 728 223 ΜΒΕΒ
747 187 864 224 xlv.
895 187 1018 226 CAP.
1045 187 1240 229 10—14.
1378 234 1383 239 ,
1645 181 1746 232 259

72 322 202 363 ratus
231 322 277 362 et
303 322 460 363 tactae
488 313 546 361 de
586 315 724 363 caelo
752 314 1130 379 quattuordecim
1166 315 1296 363 urbis
1323 318 1571 382 regiones.
1623 334 1746 383 quae

71 383 194 432 adeo
222 385 324 432 sine
357 398 469 432 cura
503 382 641 431 deum
667 385 977 447 eveniebant,
1019 392 1068 432 ut
1092 385 1267 433 multos
1298 394 1409 449 post
1435 402 1584 436 annos
1610 388 1743 437 Nero

71 454 320 517 imperium
364 461 411 502 et
457 452 646 502 scelera
698 455 1064 503 continuaverit.
1135 461 1346 502 ceterum
1389 470 1482 519 quo
1518 466 1745 520 gravaret

70 523 294 572 invidiam
323 523 486 571 matris
526 537 679 588 eaque
711 523 903 572 demota
940 531 1124 572 auctam
1160 523 1406 573 lenitatem
1444 541 1573 575 suam
1611 530 1742 577 testi-

73 593 324 656 ficaretur,
364 593 563 641 feminas
603 592 828 642 inlustres
852 593 1033 642 Iuniam
1072 601 1119 641 et
1144 593 1475 658 Calpurniam,
1520 605 1800 662 praeturam

71 663 263 711 functos
304 659 550 712 Valerium
591 660 872 728 Capitonem
911 670 958 711 et
999 663 1228 712 Licinium
1270 662 1503 714 Gabolum
1544 666 1740 716 sedibus

73 733 244 797 patriis*
267 731 488 794 reddidit,
524 732 582 780 ab
606 731 876 798 Agrippina
905 733 1016 781 olim
1039 733 1223 798 pulsos
1255 735 1396 783 etiam
1416 735 1597 786 Lolliae
1620 737 1736 786 Pau-

69 803 196 851 linae
224 803 413 851 cineres
439 804 680 866 reportari
707 804 1078 867 sepulcrumque
1111 805 1293 853 exstrui
1323 808 1560 870 permisit;
1592 821 1733 872 quos-

69 886 161 936 que
197 873 302 936 ipse
337 886 490 936 nuper
516 872 850 935 relegaverat,
891 872 1083 930 Iturium
1111 881 1158 922 et
1187 872 1442 924 Calvisium
1470 892 1627 942 poena
1654 893 1733 926 ex-

68 941 226 991 solvit.
280 957 385 990 nam
406 940 565 990 Silana
603 942 701 991 fato
737 943 898 991 functa
924 950 1050 1006 erat,
1090 943 1352 1009 longinquo
1380 946 1439 996 ab
1467 949 1613 996 exilio
1641 947 1727 998 Ta·
1747 962 1791 996 2⁰

68 1019 249 1065 rentum
278 1027 507 1080 regressa
533 1011 723 1063 labante
747 1014 838 1062 iam
865 1012 1154 1079 Agrippina,
1187 1017 1317 1064 cuius
1339 1017 1594 1066 inimicitiis
1619 1033 1729 1067 con-

68 1086 269 1151 ciderat,
299 1087 377 1136 vel
407 1087 637 1151 mitigata.

169 1157 248 1206 13.
286 1157 463 1207 Tamen
492 1159 705 1208 cunctari
730 1160 776 1207 in
803 1159 994 1224 oppidis
1019 1157 1328 1223 Campaniae,
1356 1173 1559 1224 quonam
1587 1158 1729 1207 modo

67 1226 230 1275 urbem
259 1228 617 1292 ingrederetur,
650 1244 708 1278 an
735 1228 1018 1294 obsequium
1043 1236 1265 1292 senatuS,
1296 1245 1353 1278 an
1390 1229 1543 1278 studia
1574 1229 1731 1294 plebis

66 1299 304 1364 reperiret
331 1299 526 1348 anxius:
557 1307 722 1349 contra
744 1300 1028 1349 deterrimus
1052 1299 1272 1364 quisque,
1302 1314 1502 1365 quorum
1521 1314 1618 1348 non
1639 1298 1731 1347 alia
1806 1361 1809 1369 Ι

65 1369 201 1431 regia
235 1369 487 1417 fecundior
523 1371 701 1434 extitit,
736 1371 936 1419 invisum
961 1368 1263 1434 Agrippinae
1294 1385 1469 1418 nomen
1505 1377 1553 1418 et
1577 1376 1730 1417 morte

65 1439 167 1487 eius
201 1454 468 1497 accensum>
493 1439 659 1505 populi
695 1439 912 1490 favorem
949 1439 1211 1489 disserunt:
1255 1441 1346 1488 iret
1379 1438 1644 1503 intrepidus
1686 1444 1733 1486 et
1755 1453 1777 1485 5

62 1511 423 1559 venerationem
469 1512 540 1559 sui
585 1524 748 1559 coram
784 1511 1112 1575 experiretur;
1162 1509 1298 1561 simul
1352 1508 1609 1574 praegredi
1652 1523 1731 1556 ex-

62 1587 285 1644 poscunt.
338 1580 385 1629 et
409 1581 707 1645 promptiora
736 1594 875 1645 quam
904 1580 1223 1644 promiserant
1251 1580 1522 1640 inveniunt,
1564 1578 1732 1627 obvias

61 1649 239 1712 tribuS,
277 1649 403 1699 festo
443 1650 571 1699 cultu
606 1657 847 1714 senatum,
888 1651 1143 1713 coniugum
1169 1664 1227 1698 ac
1253 1649 1514 1698 liberorum
1544 1649 1734 1712 agmina

62 1734 152 1784 per
186 1734 352 1768 sexum
390 1726 438 1768 et
470 1727 674 1769 aetatem
710 1720 968 1785 disposita,
1009 1726 1313 1782 exstructos,
1351 1734 1443 1784 qua
1466 1718 1733 1778 incederet,

64 1789 450 1855 spectaculorum
496 1789 701 1854 graduS,
746 1804 840 1855 quo
892 1789 1035 1839 modo
1079 1788 1304 1853 triumphi
1340 1791 1571 1838 visuntur.
1621 1787 1793 1836 hincm

64 1858 301 1923 superbus
336 1873 394 1907 ac
432 1859 613 1923 publici
647 1861 831 1908 servitii
868 1860 1024 1908 victor
1064 1858 1350 1923 Capitolium
1385 1859 1526 1921 adiit,
1569 1864 1735 1921 grates

66 1927 305 1990 exsolvit,
348 1942 500 1992 seque
536 1930 583 1976 in
615 1942 782 1977 omnes
818 1927 1042 1977 libidines
1071 1928 1259 1991 effudit,
1297 1943 1415 1994 quas
1443 1927 1568 1976 male
1597 1941 1733 1976 coer·

65 1998 185 2046 citas
210 1996 569 2062 qualiscumque
596 1999 760 2047 matris
784 1998 1058 2047 reverentia
1085 1997 1372 2047 tardaverat.

167 2067 246 2115 14.
281 2068 434 2118 Vetus
453 2067 521 2115 illi
545 2067 717 2131 cupido
742 2075 843 2116 erat
865 2068 1104 2116 curriculo
1129 2066 1467 2131 quadrigarum
1489 2067 1732 2126 insistere,

63 2151 156 2185 nec
191 2138 343 2186 minus
379 2136 572 2186 foedum
618 2136 821 2186 studium
861 2136 1041 2186 cithara
1074 2131 1388 2185 ludicrum'in
1427 2135 1615 2184 modum
1658 2149 1732 2183 ca-

64 2221 198 2254 nere.
259 2213 543 2255 concertare
569 2208 705 2270 equis
732 2207 918 2270 regium
944 2214 992 2255 et
1019 2207 1222 2270 antiquis
1248 2205 1448 2255 ducibus
1473 2205 1734 2253 factitatum

63 2275 384 2339 memorabat,
421 2276 567 2340 idque
593 2283 751 2325 vatum
790 2276 1005 2325 laudibus
1033 2276 1230 2325 celebre
1256 2283 1303 2324 et
1331 2275 1529 2324 deorum
1564 2274 1735 2323 honori

65 2345 236 2394 datum.
293 2347 538 2394 enimvero
576 2353 740 2394 cantus
775 2345 990 2410 Apollini
1031 2360 1223 2408 sacrosz,
1253 2345 1431 2410 talique
1459 2351 1626 2393 ornatu
1653 2342 1730 2390 ad·
1754 2359 1772 2389 5

66 2421 195 2463 stare
222 2427 318 2463 non
343 2414 487 2464 modo
519 2414 717 2464 Graecis
745 2417 791 2463 in
819 2415 1016 2464 urbibus
1045 2414 1131 2464 sed
1154 2415 1372 2464 Romana
1401 2413 1525 2478 apud
1554 2411 1733 2476 templa

64 2498 237 2533 numen
261 2485 571 2548 praecipuum
598 2491 645 2533 et
671 2487 958 2549 praescium.
1011 2500 1104 2533 nec
1130 2485 1220 2534 iam
1248 2486 1349 2532 sisti
1377 2490 1590 2547 poterat,
1630 2495 1733 2529 cum

0 2560 2 2602 ἐ
67 2553 286 2602 Senecae
322 2568 378 2602 ac
411 2552 562 2602 Burro
598 2555 778 2615 visum,
818 2570 878 2603 ne
917 2561 1119 2618 utraque
1156 2554 1493 2619 pervinceret,
1535 2551 1734 2599 alterum

70 2622 359 2672 concedere.
409 2622 716 2687 clausumque
743 2623 870 2672 valle
894 2624 1130 2673 Vaticana
1158 2623 1361 2687 spatium
1388 2623 1434 2670 in
1462 2634 1557 2685 quo
1580 2633 1734 2683 equos

67 2700 280 2757 regeret,
300 2691 425 2742 haud
449 2693 691 2756 promisco
714 2693 1011 2756 spectaculo.
1055 2706 1167 2740 mox
1189 2691 1312 2740 ultro
1334 2692 1500 2740 vocari
1523 2688 1731 2753 populus
1753 2695 1791 2728 ¹0

67 2761 308 2811 Romanus
342 2761 658 2826 laudibusque
696 2761 964 2825 extollere,
1011 2769 1061 2810 ut
1096 2768 1170 2810 est
1203 2761 1375 2823 vulgus
1414 2760 1612 2823 cupiens
1649 2772 1731 2807 vo·

68 2829 296 2894 luptatum
325 2839 388 2894 et,
417 2832 456 2880 si
483 2831 654 2880 eodem
682 2832 910 2895 princeps
937 2830 1108 2893 trahat,
1136 2831 1325 2879 laetum.
1369 2837 1577 2878 ceterum
1601 2826 1731 2875 evul-

70 2905 210 2962 gatus
252 2902 405 2965 pudor
434 2916 528 2950 non
564 2902 859 2963 satietatem,
900 2908 949 2967 ut
983 2900 1236 2963 rebantur,
1267 2899 1349 2948 sed
1380 2900 1732 3016 inclitlamentum
