<?xml version="1.0" encoding="UTF-8"?>
<!DOCTYPE html PUBLIC "-//W3C//DTD XHTML 1.0 Transitional//EN"
    "http://www.w3.org/TR/xhtml1/DTD/xhtml1-transitional.dtd">
<html xmlns="http://www.w3.org/1999/xhtml" xml:lang="en" lang="en">
 <head>
  <title>
</title>
<meta http-equiv="Content-Type" content="text/html;charset=utf-8" />
  <meta name='ocr-system' content='tesseract 3.04.00' />
  <meta name='ocr-capabilities' content='ocr_page ocr_carea ocr_par ocr_line ocrx_word'/>
</head>
<body>
  <div class='ocr_page' id='page_1' title='image "./libriquisupersun01taciuoft_0228.png"; bbox 0 0 1976 3224; ppageno 0'>
   <div class='ocr_carea' id='block_1_1' title="bbox 264 144 1539 195">
    <p class='ocr_par' dir='ltr' id='par_1_1' title="bbox 264 144 1539 195">
     <span class='ocr_line' id='line_1_1' title="bbox 264 144 1539 195; baseline 0.002 -2"><span class='ocrx_word' id='word_1_1' title='bbox 264 144 360 194; x_wconf 84' lang='lat'><strong>170</strong></span> <span class='ocrx_word' id='word_1_2' title='bbox 715 153 992 193; x_wconf 81' lang='lat' dir='ltr'>CORNELII</span> <span class='ocrx_word' id='word_1_3' title='bbox 1015 154 1211 194; x_wconf 76' lang='lat' dir='ltr'><strong>&#39;rAcrrr</strong></span> <span class='ocrx_word' id='word_1_4' title='bbox 1233 155 1539 195; x_wconf 79' lang='lat' dir='ltr'>ANNALIUM</span> 
     </span>
    </p>
   </div>
   <div class='ocr_carea' id='block_1_2' title="bbox 197 280 1937 2937">
    <p class='ocr_par' dir='ltr' id='par_1_2' title="bbox 203 280 1937 1401">
     <span class='ocr_line' id='line_1_2' title="bbox 216 280 1934 346; baseline 0.003 -16"><span class='ocrx_word' id='word_1_5' title='bbox 216 319 227 330; x_wconf 64' lang='grc'>,</span> <span class='ocrx_word' id='word_1_6' title='bbox 261 284 543 334; x_wconf 88' lang='lat' dir='ltr'><strong>stationibus</strong></span> <span class='ocrx_word' id='word_1_7' title='bbox 572 280 826 346; x_wconf 88' lang='lat' dir='ltr'><strong>cingebat,</strong></span> <span class='ocrx_word' id='word_1_8' title='bbox 864 282 1022 331; x_wconf 89' lang='lat' dir='ltr'><strong>donec</strong></span> <span class='ocrx_word' id='word_1_9' title='bbox 1053 282 1211 332; x_wconf 80' lang='lat' dir='ltr'>Parthi</span> <span class='ocrx_word' id='word_1_10' title='bbox 1242 284 1634 334; x_wconf 89' lang='lat' dir='ltr'><strong>contumeliarum</strong></span> <span class='ocrx_word' id='word_1_11' title='bbox 1668 285 1934 337; x_wconf 80' lang='lat' dir='ltr'><strong>insolentes</strong></span> 
     </span>
     <span class='ocr_line' id='line_1_3' title="bbox 221 354 1934 420; baseline 0.002 -17"><span class='ocrx_word' id='word_1_12' title='bbox 221 363 240 394; x_wconf 76' lang='lat'>⁵</span> <span class='ocrx_word' id='word_1_13' title='bbox 264 356 674 404; x_wconf 72' lang='lat' dir='ltr'><strong>circumsisterent</strong></span> <span class='ocrx_word' id='word_1_14' title='bbox 697 367 895 416; x_wconf 85' lang='lat' dir='ltr'><strong>regem,</strong></span> <span class='ocrx_word' id='word_1_15' title='bbox 925 360 1187 418; x_wconf 88' lang='lat' dir='ltr'><strong>poscerent</strong></span> <span class='ocrx_word' id='word_1_16' title='bbox 1209 354 1464 418; x_wconf 90' lang='lat' dir='ltr'><strong>proelium.</strong></span> <span class='ocrx_word' id='word_1_17' title='bbox 1517 362 1660 420; x_wconf 89' lang='lat' dir='ltr'><strong>atque</strong></span> <span class='ocrx_word' id='word_1_18' title='bbox 1695 355 1790 405; x_wconf 91' lang='lat' dir='ltr'><strong>illis</strong></span> <span class='ocrx_word' id='word_1_19' title='bbox 1831 358 1934 407; x_wconf 90' lang='lat' dir='ltr'><strong>sola</strong></span> 
     </span>
     <span class='ocr_line' id='line_1_4' title="bbox 260 422 1936 490; baseline 0.002 -17"><span class='ocrx_word' id='word_1_20' title='bbox 260 427 306 473; x_wconf 92' lang='lat' dir='ltr'><strong>in</strong></span> <span class='ocrx_word' id='word_1_21' title='bbox 343 426 506 490; x_wconf 90' lang='lat' dir='ltr'><strong>equite</strong></span> <span class='ocrx_word' id='word_1_22' title='bbox 546 423 644 472; x_wconf 87' lang='lat' dir='ltr'><strong>vis:</strong></span> <span class='ocrx_word' id='word_1_23' title='bbox 691 422 1040 472; x_wconf 85' lang='lat' dir='ltr'><strong>Pharasmanes</strong></span> <span class='ocrx_word' id='word_1_24' title='bbox 1078 430 1126 471; x_wconf 93' lang='lat' dir='ltr'><strong>et</strong></span> <span class='ocrx_word' id='word_1_25' title='bbox 1163 423 1329 489; x_wconf 89' lang='lat' dir='ltr'><strong>pedite</strong></span> <span class='ocrx_word' id='word_1_26' title='bbox 1365 424 1574 474; x_wconf 88' lang='lat' dir='ltr'><strong>valebat.</strong></span> <span class='ocrx_word' id='word_1_27' title='bbox 1633 441 1737 475; x_wconf 79' lang='lat' dir='ltr'><strong>nam</strong></span> <span class='ocrx_word' id='word_1_28' title='bbox 1769 426 1936 476; x_wconf 88' lang='lat' dir='ltr'>Hiberi</span> 
     </span>
     <span class='ocr_line' id='line_1_5' title="bbox 258 492 1935 562; baseline 0.002 -19"><span class='ocrx_word' id='word_1_29' title='bbox 258 494 532 559; x_wconf 87' lang='lat' dir='ltr'><strong>Albanique</strong></span> <span class='ocrx_word' id='word_1_30' title='bbox 569 492 812 555; x_wconf 84' lang='lat' dir='ltr'><strong>saltuosos</strong></span> <span class='ocrx_word' id='word_1_31' title='bbox 848 493 988 541; x_wconf 89' lang='lat' dir='ltr'><strong>locos</strong></span> <span class='ocrx_word' id='word_1_32' title='bbox 1029 493 1301 542; x_wconf 81' lang='lat' dir='ltr'><strong>incolentes</strong></span> <span class='ocrx_word' id='word_1_33' title='bbox 1336 493 1537 543; x_wconf 88' lang='lat' dir='ltr'><strong>duritiae</strong></span> <span class='ocrx_word' id='word_1_34' title='bbox 1574 497 1935 562; x_wconf 81' lang='lat' dir='ltr'><strong>patientiaeque</strong></span> 
     </span>
     <span class='ocr_line' id='line_1_6' title="bbox 257 563 1935 631; baseline 0.001 -17"><span class='ocrx_word' id='word_1_35' title='bbox 257 567 410 628; x_wconf 87' lang='lat' dir='ltr'><strong>magis</strong></span> <span class='ocrx_word' id='word_1_36' title='bbox 439 566 720 620; x_wconf 87' lang='lat' dir='ltr'><strong>insuevere;</strong></span> <span class='ocrx_word' id='word_1_37' title='bbox 749 564 1007 626; x_wconf 88' lang='lat' dir='ltr'><strong>feruntque</strong></span> <span class='ocrx_word' id='word_1_38' title='bbox 1049 578 1102 611; x_wconf 89' lang='lat' dir='ltr'><strong>se</strong></span> <span class='ocrx_word' id='word_1_39' title='bbox 1140 563 1387 613; x_wconf 89' lang='lat' dir='ltr'><strong>Thessalis</strong></span> <span class='ocrx_word' id='word_1_40' title='bbox 1423 572 1587 629; x_wconf 78' lang='lat' dir='ltr'><strong>ortOS,</strong></span> <span class='ocrx_word' id='word_1_41' title='bbox 1627 581 1719 630; x_wconf 92' lang='lat' dir='ltr'><strong>qua</strong></span> <span class='ocrx_word' id='word_1_42' title='bbox 1753 569 1935 631; x_wconf 88' lang='lat' dir='ltr'><strong>tempe-</strong></span> 
     </span>
     <span class='ocr_line' id='line_1_7' title="bbox 259 633 1937 699; baseline 0.001 -15"><span class='ocrx_word' id='word_1_43' title='bbox 259 643 382 684; x_wconf 83' lang='lat' dir='ltr'><strong>state</strong></span> <span class='ocrx_word' id='word_1_44' title='bbox 417 635 527 683; x_wconf 89' lang='lat' dir='ltr'><strong>Iaso</strong></span> <span class='ocrx_word' id='word_1_45' title='bbox 572 641 684 698; x_wconf 89' lang='lat' dir='ltr'><strong>post</strong></span> <span class='ocrx_word' id='word_1_46' title='bbox 718 641 935 682; x_wconf 89' lang='lat' dir='ltr'><strong>avectam</strong></span> <span class='ocrx_word' id='word_1_47' title='bbox 969 633 1187 683; x_wconf 87' lang='lat' dir='ltr'><strong>Medeam</strong></span> <span class='ocrx_word' id='word_1_48' title='bbox 1226 635 1515 699; x_wconf 90' lang='lat' dir='ltr'><strong>genitosque</strong></span> <span class='ocrx_word' id='word_1_49' title='bbox 1555 651 1616 684; x_wconf 88' lang='lat' dir='ltr'><strong>ex</strong></span> <span class='ocrx_word' id='word_1_50' title='bbox 1651 652 1709 686; x_wconf 93' lang='lat' dir='ltr'><strong>ea</strong></span> <span class='ocrx_word' id='word_1_51' title='bbox 1753 636 1937 686; x_wconf 87' lang='lat' dir='ltr'><strong>liberos</strong></span> 
     </span>
     <span class='ocr_line' id='line_1_8' title="bbox 203 702 1934 771; baseline 0 -17"><span class='ocrx_word' id='word_1_52' title='bbox 203 715 243 748; x_wconf 82' lang='lat'><strong>10</strong></span> <span class='ocrx_word' id='word_1_53' title='bbox 261 708 449 754; x_wconf 89' lang='lat' dir='ltr'><strong>inanem</strong></span> <span class='ocrx_word' id='word_1_54' title='bbox 486 718 600 752; x_wconf 87' lang='lat' dir='ltr'><strong>mox</strong></span> <span class='ocrx_word' id='word_1_55' title='bbox 643 704 830 766; x_wconf 89' lang='lat' dir='ltr'><strong>regiam</strong></span> <span class='ocrx_word' id='word_1_56' title='bbox 871 702 1058 752; x_wconf 88' lang='lat' dir='ltr'><strong>Aeetae</strong></span> <span class='ocrx_word' id='word_1_57' title='bbox 1109 719 1388 767; x_wconf 87' lang='lat' dir='ltr'><strong>vacuosque</strong></span> <span class='ocrx_word' id='word_1_58' title='bbox 1437 703 1651 754; x_wconf 88' lang='lat' dir='ltr'><strong>Colchos</strong></span> <span class='ocrx_word' id='word_1_59' title='bbox 1693 707 1934 771; x_wconf 89' lang='lat' dir='ltr'><strong>repetivit.</strong></span> 
     </span>
     <span class='ocr_line' id='line_1_9' title="bbox 258 774 1935 839; baseline 0.001 -15"><span class='ocrx_word' id='word_1_60' title='bbox 258 776 502 839; x_wconf 84' lang='lat' dir='ltr'><strong>multaque</strong></span> <span class='ocrx_word' id='word_1_61' title='bbox 531 774 590 823; x_wconf 87' lang='lat' dir='ltr'><strong>de</strong></span> <span class='ocrx_word' id='word_1_62' title='bbox 627 774 817 822; x_wconf 90' lang='lat' dir='ltr'><strong>nomine</strong></span> <span class='ocrx_word' id='word_1_63' title='bbox 857 774 959 822; x_wconf 87' lang='lat' dir='ltr'><strong>eius</strong></span> <span class='ocrx_word' id='word_1_64' title='bbox 1002 781 1050 822; x_wconf 90' lang='lat' dir='ltr'><strong>et</strong></span> <span class='ocrx_word' id='word_1_65' title='bbox 1086 774 1298 823; x_wconf 91' lang='lat' dir='ltr'><strong>oraclum</strong></span> <span class='ocrx_word' id='word_1_66' title='bbox 1332 774 1493 823; x_wconf 85' lang='lat' dir='ltr'><strong>Phrixi</strong></span> <span class='ocrx_word' id='word_1_67' title='bbox 1529 775 1804 833; x_wconf 88' lang='lat' dir='ltr'><strong>celebrant;</strong></span> <span class='ocrx_word' id='word_1_68' title='bbox 1843 791 1935 825; x_wconf 91' lang='lat' dir='ltr'><strong>nec</strong></span> 
     </span>
     <span class='ocr_line' id='line_1_10' title="bbox 259 843 1937 911; baseline 0.001 -18"><span class='ocrx_word' id='word_1_69' title='bbox 259 846 510 911; x_wconf 88' lang='lat' dir='ltr'><strong>quisquam</strong></span> <span class='ocrx_word' id='word_1_70' title='bbox 535 845 688 894; x_wconf 89' lang='lat' dir='ltr'><strong>ariete</strong></span> <span class='ocrx_word' id='word_1_71' title='bbox 716 843 1083 905; x_wconf 82' lang='lat' dir='ltr'><strong>sacrificaverit,</strong></span> <span class='ocrx_word' id='word_1_72' title='bbox 1114 843 1296 893; x_wconf 87' lang='lat' dir='ltr'><strong>credito</strong></span> <span class='ocrx_word' id='word_1_73' title='bbox 1323 846 1519 893; x_wconf 87' lang='lat' dir='ltr'><strong>vexisse</strong></span> <span class='ocrx_word' id='word_1_74' title='bbox 1543 845 1793 909; x_wconf 81' lang='lat' dir='ltr'><strong>Phrixum,</strong></span> <span class='ocrx_word' id='word_1_75' title='bbox 1834 847 1937 894; x_wconf 85' lang='lat' dir='ltr'><strong>sive</strong></span> 
     </span>
     <span class='ocr_line' id='line_1_11' title="bbox 258 914 1937 981; baseline 0.001 -17"><span class='ocrx_word' id='word_1_76' title='bbox 258 916 305 964; x_wconf 89' lang='lat' dir='ltr'><strong>id</strong></span> <span class='ocrx_word' id='word_1_77' title='bbox 333 915 503 964; x_wconf 90' lang='lat' dir='ltr'><strong>animal</strong></span> <span class='ocrx_word' id='word_1_78' title='bbox 542 929 629 963; x_wconf 90' lang='lat' dir='ltr'><strong>seu</strong></span> <span class='ocrx_word' id='word_1_79' title='bbox 665 914 801 963; x_wconf 90' lang='lat' dir='ltr'><strong>navis</strong></span> <span class='ocrx_word' id='word_1_80' title='bbox 845 914 1032 976; x_wconf 85' lang='lat' dir='ltr'><strong>insigne</strong></span> <span class='ocrx_word' id='word_1_81' title='bbox 1059 914 1160 962; x_wconf 89' lang='lat' dir='ltr'><strong>suit.</strong></span> <span class='ocrx_word' id='word_1_82' title='bbox 1216 921 1428 963; x_wconf 86' lang='lat' dir='ltr'><strong>ceterum</strong></span> <span class='ocrx_word' id='word_1_83' title='bbox 1467 914 1666 965; x_wconf 90' lang='lat' dir='ltr'><strong>derecta</strong></span> <span class='ocrx_word' id='word_1_84' title='bbox 1702 917 1937 981; x_wconf 87' lang='lat' dir='ltr'><strong>utrimque</strong></span> 
     </span>
     <span class='ocr_line' id='line_1_12' title="bbox 260 984 1937 1048; baseline -0.001 -13"><span class='ocrx_word' id='word_1_85' title='bbox 260 987 365 1035; x_wconf 88' lang='lat' dir='ltr'><strong>acie</strong></span> <span class='ocrx_word' id='word_1_86' title='bbox 403 985 605 1034; x_wconf 89' lang='lat' dir='ltr'><strong>Parthus</strong></span> <span class='ocrx_word' id='word_1_87' title='bbox 655 984 906 1048; x_wconf 89' lang='lat' dir='ltr'><strong>imperium</strong></span> <span class='ocrx_word' id='word_1_88' title='bbox 946 985 1178 1046; x_wconf 80' lang='lat' dir='ltr'><strong>orientis„</strong></span> <span class='ocrx_word' id='word_1_89' title='bbox 1224 984 1552 1034; x_wconf 87' lang='lat' dir='ltr'><strong>claritudinem</strong></span> <span class='ocrx_word' id='word_1_90' title='bbox 1598 985 1937 1045; x_wconf 83' lang='lat' dir='ltr'><strong>Arsacidarum</strong></span> 
     </span>
     <span class='ocr_line' id='line_1_13' title="bbox 203 1053 1933 1119; baseline 0.001 -15"><span class='ocrx_word' id='word_1_91' title='bbox 203 1065 242 1098; x_wconf 87' lang='lat'><strong>15</strong></span> <span class='ocrx_word' id='word_1_92' title='bbox 262 1063 525 1119; x_wconf 81' lang='lat' dir='ltr'><strong>contraque</strong></span> <span class='ocrx_word' id='word_1_93' title='bbox 547 1054 814 1118; x_wconf 88' lang='lat' dir='ltr'><strong>ignobilem</strong></span> <span class='ocrx_word' id='word_1_94' title='bbox 834 1053 1081 1115; x_wconf 84' lang='lat' dir='ltr'><strong>Hiberum,</strong></span> <span class='ocrx_word' id='word_1_95' title='bbox 1104 1055 1438 1103; x_wconf 89' lang='lat' dir='ltr'><strong>mercennario</strong></span> <span class='ocrx_word' id='word_1_96' title='bbox 1460 1055 1609 1104; x_wconf 90' lang='lat' dir='ltr'><strong>milite</strong></span> <span class='ocrx_word' id='word_1_97' title='bbox 1637 1056 1933 1113; x_wconf 88' lang='lat' dir='ltr'><strong>disserebat;</strong></span> 
     </span>
     <span class='ocr_line' id='line_1_14' title="bbox 258 1124 1935 1190; baseline 0 -15"><span class='ocrx_word' id='word_1_98' title='bbox 258 1126 606 1175; x_wconf 88' lang='lat' dir='ltr'><strong>Pharasmanes</strong></span> <span class='ocrx_word' id='word_1_99' title='bbox 654 1124 872 1187; x_wconf 87' lang='lat' dir='ltr'><strong>integros</strong></span> <span class='ocrx_word' id='word_1_100' title='bbox 917 1132 1070 1173; x_wconf 88' lang='lat' dir='ltr'><strong>semet</strong></span> <span class='ocrx_word' id='word_1_101' title='bbox 1114 1139 1139 1173; x_wconf 90' lang='lat' dir='ltr'><strong>a</strong></span> <span class='ocrx_word' id='word_1_102' title='bbox 1188 1124 1413 1174; x_wconf 89' lang='lat' dir='ltr'><strong>Parthico</strong></span> <span class='ocrx_word' id='word_1_103' title='bbox 1457 1125 1722 1190; x_wconf 89' lang='lat' dir='ltr'><strong>dominatu,</strong></span> <span class='ocrx_word' id='word_1_104' title='bbox 1759 1133 1935 1190; x_wconf 89' lang='lat' dir='ltr'><strong>quanto</strong></span> 
     </span>
     <span class='ocr_line' id='line_1_15' title="bbox 258 1193 1934 1276; baseline 0 -32"><span class='ocrx_word' id='word_1_105' title='bbox 258 1197 438 1245; x_wconf 87' lang='lat' dir='ltr'><strong>maiora</strong></span> <span class='ocrx_word' id='word_1_106' title='bbox 472 1201 722 1260; x_wconf 80' lang='lat' dir='ltr'><strong>peterent,</strong></span> <span class='ocrx_word' id='word_1_107' title='bbox 762 1193 869 1258; x_wconf 90' lang='lat' dir='ltr'><strong>plus</strong></span> <span class='ocrx_word' id='word_1_108' title='bbox 907 1193 1102 1244; x_wconf 89' lang='lat' dir='ltr'><strong>decoris</strong></span> <span class='ocrx_word' id='word_1_109' title='bbox 1141 1195 1354 1243; x_wconf 88' lang='lat' dir='ltr'><strong>victores</strong></span> <span class='ocrx_word' id='word_1_110' title='bbox 1381 1203 1481 1276; x_wconf 55' lang='lat' dir='ltr'><strong>‘W’</strong></span> <span class='ocrx_word' id='word_1_111' title='bbox 1520 1197 1558 1244; x_wconf 90' lang='lat' dir='ltr'><strong>si</strong></span> <span class='ocrx_word' id='word_1_112' title='bbox 1586 1203 1724 1259; x_wconf 88' lang='lat' dir='ltr'><strong>terga</strong></span> <span class='ocrx_word' id='word_1_113' title='bbox 1752 1196 1934 1259; x_wconf 88' lang='lat' dir='ltr'><strong>darent,</strong></span> 
     </span>
     <span class='ocr_line' id='line_1_16' title="bbox 258 1264 1934 1329; baseline -0.001 -14"><span class='ocrx_word' id='word_1_114' title='bbox 258 1267 426 1329; x_wconf 85' lang='lat' dir='ltr'><strong>flagitii</strong></span> <span class='ocrx_word' id='word_1_115' title='bbox 454 1273 597 1329; x_wconf 90' lang='lat' dir='ltr'><strong>atque</strong></span> <span class='ocrx_word' id='word_1_116' title='bbox 623 1264 828 1328; x_wconf 89' lang='lat' dir='ltr'><strong>periculi</strong></span> <span class='ocrx_word' id='word_1_117' title='bbox 859 1264 1067 1321; x_wconf 89' lang='lat' dir='ltr'><strong>laturos;</strong></span> <span class='ocrx_word' id='word_1_118' title='bbox 1108 1264 1243 1314; x_wconf 87' lang='lat' dir='ltr'><strong>simul</strong></span> <span class='ocrx_word' id='word_1_119' title='bbox 1271 1265 1510 1315; x_wconf 80' lang='lat' dir='ltr'><strong>horridam</strong></span> <span class='ocrx_word' id='word_1_120' title='bbox 1537 1281 1730 1314; x_wconf 90' lang='lat' dir='ltr'><strong>suorum</strong></span> <span class='ocrx_word' id='word_1_121' title='bbox 1765 1267 1934 1328; x_wconf 87' lang='lat' dir='ltr'><strong>aciem,</strong></span> 
     </span>
     <span class='ocr_line' id='line_1_17' title="bbox 257 1334 1934 1401; baseline -0.001 -16"><span class='ocrx_word' id='word_1_122' title='bbox 257 1337 387 1400; x_wconf 89' lang='lat' dir='ltr'><strong>picta</strong></span> <span class='ocrx_word' id='word_1_123' title='bbox 417 1350 533 1384; x_wconf 92' lang='lat' dir='ltr'><strong>auro</strong></span> <span class='ocrx_word' id='word_1_124' title='bbox 565 1334 814 1383; x_wconf 88' lang='lat' dir='ltr'><strong>Medorum</strong></span> <span class='ocrx_word' id='word_1_125' title='bbox 842 1336 1048 1399; x_wconf 79' lang='lat' dir='ltr'><strong>agmina,</strong></span> <span class='ocrx_word' id='word_1_126' title='bbox 1075 1335 1184 1385; x_wconf 90' lang='lat' dir='ltr'><strong>hinc</strong></span> <span class='ocrx_word' id='word_1_127' title='bbox 1210 1337 1358 1398; x_wconf 78' lang='lat' dir='ltr'><strong>virOS,</strong></span> <span class='ocrx_word' id='word_1_128' title='bbox 1387 1335 1497 1384; x_wconf 90' lang='lat' dir='ltr'><strong>inde</strong></span> <span class='ocrx_word' id='word_1_129' title='bbox 1522 1335 1748 1401; x_wconf 88' lang='lat' dir='ltr'><strong>praedam</strong></span> <span class='ocrx_word' id='word_1_130' title='bbox 1776 1343 1934 1386; x_wconf 89' lang='lat' dir='ltr'><strong>osten-</strong></span> 
     </span>
    </p>

    <p class='ocr_par' dir='ltr' id='par_1_3' title="bbox 198 1406 393 1455">
     <span class='ocr_line' id='line_1_18' title="bbox 198 1406 393 1455; baseline 0 -2"><span class='ocrx_word' id='word_1_131' title='bbox 198 1421 240 1454; x_wconf 83' lang='lat'><strong>20</strong></span> <span class='ocrx_word' id='word_1_132' title='bbox 259 1406 393 1455; x_wconf 87' lang='lat' dir='ltr'><strong>dere.</strong></span> 
     </span>
    </p>

    <p class='ocr_par' dir='ltr' id='par_1_4' title="bbox 199 1475 1937 1750">
     <span class='ocr_line' id='line_1_19' title="bbox 199 1475 1934 1540; baseline -0.002 -12"><span class='ocrx_word' id='word_1_133' title='bbox 199 1482 250 1528; x_wconf 83' lang='grc'><strong>35</strong></span> <span class='ocrx_word' id='word_1_134' title='bbox 361 1477 445 1525; x_wconf 87' lang='grc'><strong>41.</strong></span> <span class='ocrx_word' id='word_1_135' title='bbox 494 1476 752 1525; x_wconf 88' lang='lat' dir='ltr'><strong>Enimvero</strong></span> <span class='ocrx_word' id='word_1_136' title='bbox 790 1475 916 1540; x_wconf 91' lang='lat' dir='ltr'><strong>apud</strong></span> <span class='ocrx_word' id='word_1_137' title='bbox 951 1475 1195 1524; x_wconf 91' lang='lat' dir='ltr'><strong>Sarmatas</strong></span> <span class='ocrx_word' id='word_1_138' title='bbox 1238 1491 1332 1524; x_wconf 92' lang='lat' dir='ltr'><strong>non</strong></span> <span class='ocrx_word' id='word_1_139' title='bbox 1381 1491 1472 1525; x_wconf 91' lang='lat' dir='ltr'><strong>una</strong></span> <span class='ocrx_word' id='word_1_140' title='bbox 1514 1489 1611 1524; x_wconf 85' lang='lat' dir='ltr'><strong>vox</strong></span> <span class='ocrx_word' id='word_1_141' title='bbox 1666 1475 1826 1525; x_wconf 91' lang='lat' dir='ltr'><strong>ducis:</strong></span> <span class='ocrx_word' id='word_1_142' title='bbox 1881 1491 1934 1524; x_wconf 91' lang='lat' dir='ltr'><strong>se</strong></span> 
     </span>
     <span class='ocr_line' id='line_1_20' title="bbox 258 1546 1935 1611; baseline 0 -17"><span class='ocrx_word' id='word_1_143' title='bbox 258 1547 463 1611; x_wconf 87' lang='lat' dir='ltr'><strong>quisque</strong></span> <span class='ocrx_word' id='word_1_144' title='bbox 500 1546 738 1595; x_wconf 90' lang='lat' dir='ltr'><strong>stimulant</strong></span> <span class='ocrx_word' id='word_1_145' title='bbox 775 1561 834 1595; x_wconf 89' lang='lat' dir='ltr'><strong>ne</strong></span> <span class='ocrx_word' id='word_1_146' title='bbox 869 1560 1077 1611; x_wconf 88' lang='lat' dir='ltr'><strong>pugnam</strong></span> <span class='ocrx_word' id='word_1_147' title='bbox 1115 1560 1203 1610; x_wconf 90' lang='lat' dir='ltr'><strong>per</strong></span> <span class='ocrx_word' id='word_1_148' title='bbox 1242 1547 1442 1608; x_wconf 83' lang='lat' dir='ltr'><strong>sagittas</strong></span> <span class='ocrx_word' id='word_1_149' title='bbox 1479 1547 1717 1594; x_wconf 89' lang='lat' dir='ltr'><strong>sinerent:</strong></span> <span class='ocrx_word' id='word_1_150' title='bbox 1758 1547 1935 1610; x_wconf 90' lang='lat' dir='ltr'><strong>impetu</strong></span> 
     </span>
     <span class='ocr_line' id='line_1_21' title="bbox 259 1615 1934 1680; baseline -0.001 -16"><span class='ocrx_word' id='word_1_151' title='bbox 259 1623 306 1664; x_wconf 92' lang='lat' dir='ltr'><strong>et</strong></span> <span class='ocrx_word' id='word_1_152' title='bbox 331 1617 592 1664; x_wconf 91' lang='lat' dir='ltr'><strong>comminus</strong></span> <span class='ocrx_word' id='word_1_153' title='bbox 621 1616 1044 1680; x_wconf 89' lang='lat' dir='ltr'><strong>praeveniendum.</strong></span> <span class='ocrx_word' id='word_1_154' title='bbox 1099 1615 1260 1663; x_wconf 87' lang='lat' dir='ltr'><strong>variae</strong></span> <span class='ocrx_word' id='word_1_155' title='bbox 1285 1615 1396 1663; x_wconf 91' lang='lat' dir='ltr'><strong>hinc</strong></span> <span class='ocrx_word' id='word_1_156' title='bbox 1424 1615 1699 1664; x_wconf 89' lang='lat' dir='ltr'><strong>bellantium</strong></span> <span class='ocrx_word' id='word_1_157' title='bbox 1726 1617 1934 1679; x_wconf 79' lang='lat' dir='ltr'><strong>specieS,</strong></span> 
     </span>
     <span class='ocr_line' id='line_1_22' title="bbox 259 1684 1937 1750; baseline -0.001 -15"><span class='ocrx_word' id='word_1_158' title='bbox 259 1702 364 1735; x_wconf 92' lang='lat' dir='ltr'><strong>cum</strong></span> <span class='ocrx_word' id='word_1_159' title='bbox 404 1685 605 1734; x_wconf 91' lang='lat' dir='ltr'><strong>Parthus</strong></span> <span class='ocrx_word' id='word_1_160' title='bbox 642 1687 779 1750; x_wconf 88' lang='lat' dir='ltr'><strong>sequi</strong></span> <span class='ocrx_word' id='word_1_161' title='bbox 820 1686 898 1734; x_wconf 91' lang='lat' dir='ltr'><strong>vel</strong></span> <span class='ocrx_word' id='word_1_162' title='bbox 935 1687 1106 1748; x_wconf 86' lang='lat' dir='ltr'><strong>fugere</strong></span> <span class='ocrx_word' id='word_1_163' title='bbox 1145 1686 1246 1749; x_wconf 90' lang='lat' dir='ltr'><strong>pari</strong></span> <span class='ocrx_word' id='word_1_164' title='bbox 1290 1691 1392 1732; x_wconf 86' lang='lat' dir='ltr'><strong>arte</strong></span> <span class='ocrx_word' id='word_1_165' title='bbox 1440 1692 1602 1733; x_wconf 90' lang='lat' dir='ltr'><strong>suetus</strong></span> <span class='ocrx_word' id='word_1_166' title='bbox 1647 1684 1937 1734; x_wconf 84' lang='lat' dir='ltr'><strong>distraheret</strong></span> 
     </span>
    </p>

    <p class='ocr_par' dir='ltr' id='par_1_5' title="bbox 218 1754 1936 2100">
     <span class='ocr_line' id='line_1_23' title="bbox 218 1754 1933 1819; baseline -0.001 -14"><span class='ocrx_word' id='word_1_167' title='bbox 218 1763 460 1818; x_wconf 74' lang='lat' dir='ltr'><strong>sturmaS,</strong></span> <span class='ocrx_word' id='word_1_168' title='bbox 501 1755 703 1819; x_wconf 87' lang='lat' dir='ltr'><strong>spatium</strong></span> <span class='ocrx_word' id='word_1_169' title='bbox 742 1755 915 1804; x_wconf 88' lang='lat' dir='ltr'><strong>ictibus</strong></span> <span class='ocrx_word' id='word_1_170' title='bbox 961 1763 1242 1819; x_wconf 89' lang='lat' dir='ltr'><strong>quaereret,</strong></span> <span class='ocrx_word' id='word_1_171' title='bbox 1287 1754 1534 1803; x_wconf 89' lang='lat' dir='ltr'><strong>Sarmatae</strong></span> <span class='ocrx_word' id='word_1_172' title='bbox 1580 1755 1757 1804; x_wconf 87' lang='lat' dir='ltr'><strong>omisso</strong></span> <span class='ocrx_word' id='word_1_173' title='bbox 1800 1770 1933 1817; x_wconf 88' lang='lat' dir='ltr'><strong>arcu,</strong></span> 
     </span>
     <span class='ocr_line' id='line_1_24' title="bbox 258 1824 1935 1890; baseline -0.001 -16"><span class='ocrx_word' id='word_1_174' title='bbox 258 1841 351 1890; x_wconf 92' lang='lat' dir='ltr'><strong>quo</strong></span> <span class='ocrx_word' id='word_1_175' title='bbox 379 1825 574 1874; x_wconf 89' lang='lat' dir='ltr'><strong>brevius</strong></span> <span class='ocrx_word' id='word_1_176' title='bbox 602 1825 779 1889; x_wconf 89' lang='lat' dir='ltr'><strong>valent,</strong></span> <span class='ocrx_word' id='word_1_177' title='bbox 810 1826 965 1874; x_wconf 89' lang='lat' dir='ltr'><strong>contis</strong></span> <span class='ocrx_word' id='word_1_178' title='bbox 993 1824 1265 1889; x_wconf 86' lang='lat' dir='ltr'><strong>gladiisque</strong></span> <span class='ocrx_word' id='word_1_179' title='bbox 1287 1833 1505 1882; x_wconf 88' lang='lat' dir='ltr'><strong>ruerent;</strong></span> <span class='ocrx_word' id='word_1_180' title='bbox 1529 1825 1672 1874; x_wconf 89' lang='lat' dir='ltr'><strong>modo</strong></span> <span class='ocrx_word' id='word_1_181' title='bbox 1696 1826 1935 1890; x_wconf 88' lang='lat' dir='ltr'><strong>equestris</strong></span> 
     </span>
     <span class='ocr_line' id='line_1_25' title="bbox 255 1895 1936 1961; baseline -0.001 -17"><span class='ocrx_word' id='word_1_182' title='bbox 255 1895 431 1961; x_wconf 88' lang='lat' dir='ltr'><strong>proelii</strong></span> <span class='ocrx_word' id='word_1_183' title='bbox 469 1909 604 1944; x_wconf 91' lang='lat' dir='ltr'><strong>more</strong></span> <span class='ocrx_word' id='word_1_184' title='bbox 639 1895 811 1944; x_wconf 85' lang='lat' dir='ltr'><strong>frontis</strong></span> <span class='ocrx_word' id='word_1_185' title='bbox 857 1903 904 1943; x_wconf 89' lang='lat' dir='ltr'><strong>et</strong></span> <span class='ocrx_word' id='word_1_186' title='bbox 939 1895 1065 1958; x_wconf 85' lang='lat' dir='ltr'><strong>tergi</strong></span> <span class='ocrx_word' id='word_1_187' title='bbox 1109 1896 1271 1958; x_wconf 79' lang='lat' dir='ltr'><strong>viceS,</strong></span> <span class='ocrx_word' id='word_1_188' title='bbox 1322 1895 1576 1959; x_wconf 89' lang='lat' dir='ltr'><strong>aliquando</strong></span> <span class='ocrx_word' id='word_1_189' title='bbox 1614 1903 1663 1944; x_wconf 91' lang='lat' dir='ltr'><strong>ut</strong></span> <span class='ocrx_word' id='word_1_190' title='bbox 1713 1901 1936 1944; x_wconf 88' lang='lat' dir='ltr'><strong>conserta</strong></span> 
     </span>
     <span class='ocr_line' id='line_1_26' title="bbox 256 1964 1933 2030; baseline -0.002 -14"><span class='ocrx_word' id='word_1_191' title='bbox 256 1968 386 2016; x_wconf 87' lang='lat' dir='ltr'><strong>acies</strong></span> <span class='ocrx_word' id='word_1_192' title='bbox 427 1965 717 2030; x_wconf 88' lang='lat' dir='ltr'><strong>corporibus</strong></span> <span class='ocrx_word' id='word_1_193' title='bbox 765 1973 811 2014; x_wconf 91' lang='lat' dir='ltr'><strong>et</strong></span> <span class='ocrx_word' id='word_1_194' title='bbox 860 1965 1000 2029; x_wconf 91' lang='lat' dir='ltr'><strong>pulsu</strong></span> <span class='ocrx_word' id='word_1_195' title='bbox 1046 1979 1284 2013; x_wconf 90' lang='lat' dir='ltr'><strong>armorum</strong></span> <span class='ocrx_word' id='word_1_196' title='bbox 1330 1965 1570 2029; x_wconf 88' lang='lat' dir='ltr'><strong>pellerent</strong></span> <span class='ocrx_word' id='word_1_197' title='bbox 1621 1964 1933 2030; x_wconf 88' lang='lat' dir='ltr'><strong>pellerentur.</strong></span> 
     </span>
     <span class='ocr_line' id='line_1_27' title="bbox 254 2035 1935 2100; baseline -0.001 -15"><span class='ocrx_word' id='word_1_198' title='bbox 254 2039 443 2100; x_wconf 89' lang='lat' dir='ltr'><strong>iamque</strong></span> <span class='ocrx_word' id='word_1_199' title='bbox 482 2043 527 2084; x_wconf 88' lang='lat' dir='ltr'><strong>et</strong></span> <span class='ocrx_word' id='word_1_200' title='bbox 554 2035 729 2084; x_wconf 90' lang='lat' dir='ltr'><strong>Albani</strong></span> <span class='ocrx_word' id='word_1_201' title='bbox 753 2035 1020 2100; x_wconf 89' lang='lat' dir='ltr'><strong>Hiberique</strong></span> <span class='ocrx_word' id='word_1_202' title='bbox 1056 2050 1316 2099; x_wconf 88' lang='lat' dir='ltr'><strong>prensare,</strong></span> <span class='ocrx_word' id='word_1_203' title='bbox 1360 2035 1642 2099; x_wconf 89' lang='lat' dir='ltr'><strong>detrudere,</strong></span> <span class='ocrx_word' id='word_1_204' title='bbox 1681 2035 1935 2099; x_wconf 87' lang='lat' dir='ltr'><strong>ancipitem</strong></span> 
     </span>
    </p>

    <p class='ocr_par' dir='ltr' id='par_1_6' title="bbox 201 2103 1936 2449">
     <span class='ocr_line' id='line_1_28' title="bbox 201 2103 1936 2172; baseline -0.002 -17"><span class='ocrx_word' id='word_1_205' title='bbox 201 2118 466 2172; x_wconf 71' lang='lat' dir='ltr'><strong>iopugnam</strong></span> <span class='ocrx_word' id='word_1_206' title='bbox 505 2105 724 2154; x_wconf 86' lang='lat' dir='ltr'><strong>hostibus</strong></span> <span class='ocrx_word' id='word_1_207' title='bbox 762 2105 956 2168; x_wconf 81' lang='lat' dir='ltr'><strong>facere,</strong></span> <span class='ocrx_word' id='word_1_208' title='bbox 994 2119 1115 2169; x_wconf 90' lang='lat' dir='ltr'><strong>quos</strong></span> <span class='ocrx_word' id='word_1_209' title='bbox 1157 2120 1304 2169; x_wconf 90' lang='lat' dir='ltr'><strong>super</strong></span> <span class='ocrx_word' id='word_1_210' title='bbox 1348 2119 1498 2169; x_wconf 90' lang='lat' dir='ltr'><strong>eques</strong></span> <span class='ocrx_word' id='word_1_211' title='bbox 1533 2112 1579 2153; x_wconf 90' lang='lat' dir='ltr'><strong>et</strong></span> <span class='ocrx_word' id='word_1_212' title='bbox 1624 2103 1936 2169; x_wconf 86' lang='lat' dir='ltr'><strong>propioribus</strong></span> 
     </span>
     <span class='ocr_line' id='line_1_29' title="bbox 257 2173 1933 2241; baseline -0.001 -16"><span class='ocrx_word' id='word_1_213' title='bbox 257 2175 536 2225; x_wconf 88' lang='lat' dir='ltr'><strong>vulneribus</strong></span> <span class='ocrx_word' id='word_1_214' title='bbox 563 2174 751 2239; x_wconf 87' lang='lat' dir='ltr'><strong>pedites</strong></span> <span class='ocrx_word' id='word_1_215' title='bbox 779 2174 1099 2224; x_wconf 84' lang='lat' dir='ltr'><strong>adflictabant.</strong></span> <span class='ocrx_word' id='word_1_216' title='bbox 1146 2177 1267 2224; x_wconf 90' lang='lat' dir='ltr'><strong>inter</strong></span> <span class='ocrx_word' id='word_1_217' title='bbox 1289 2190 1411 2241; x_wconf 85' lang='lat' dir='ltr'><strong>quae</strong></span> <span class='ocrx_word' id='word_1_218' title='bbox 1441 2175 1787 2223; x_wconf 86' lang='lat' dir='ltr'><strong>Pharasmanes</strong></span> <span class='ocrx_word' id='word_1_219' title='bbox 1815 2173 1933 2223; x_wconf 90' lang='lat' dir='ltr'><strong>Oro-</strong></span> 
     </span>
     <span class='ocr_line' id='line_1_30' title="bbox 258 2244 1933 2310; baseline -0.001 -16"><span class='ocrx_word' id='word_1_220' title='bbox 258 2247 475 2310; x_wconf 91' lang='lat' dir='ltr'><strong>desque,</strong></span> <span class='ocrx_word' id='word_1_221' title='bbox 518 2245 625 2293; x_wconf 90' lang='lat' dir='ltr'><strong>dum</strong></span> <span class='ocrx_word' id='word_1_222' title='bbox 672 2247 877 2294; x_wconf 90' lang='lat' dir='ltr'><strong>strenuis</strong></span> <span class='ocrx_word' id='word_1_223' title='bbox 916 2245 1085 2294; x_wconf 91' lang='lat' dir='ltr'><strong>adsunt</strong></span> <span class='ocrx_word' id='word_1_224' title='bbox 1134 2254 1212 2294; x_wconf 91' lang='lat' dir='ltr'><strong>aut</strong></span> <span class='ocrx_word' id='word_1_225' title='bbox 1260 2244 1580 2294; x_wconf 89' lang='lat' dir='ltr'><strong>dubitantibus</strong></span> <span class='ocrx_word' id='word_1_226' title='bbox 1630 2244 1933 2308; x_wconf 88' lang='lat' dir='ltr'><strong>subveniunt,</strong></span> 
     </span>
     <span class='ocr_line' id='line_1_31' title="bbox 259 2315 1933 2378; baseline -0.001 -15"><span class='ocrx_word' id='word_1_227' title='bbox 259 2315 516 2378; x_wconf 89' lang='lat' dir='ltr'><strong>conspicui</strong></span> <span class='ocrx_word' id='word_1_228' title='bbox 544 2329 703 2378; x_wconf 88' lang='lat' dir='ltr'><strong>eoque</strong></span> <span class='ocrx_word' id='word_1_229' title='bbox 740 2316 903 2377; x_wconf 86' lang='lat' dir='ltr'><strong>gnari,</strong></span> <span class='ocrx_word' id='word_1_230' title='bbox 946 2315 1156 2363; x_wconf 90' lang='lat' dir='ltr'><strong>clamore</strong></span> <span class='ocrx_word' id='word_1_231' title='bbox 1195 2315 1305 2363; x_wconf 91' lang='lat' dir='ltr'><strong>telis</strong></span> <span class='ocrx_word' id='word_1_232' title='bbox 1343 2315 1480 2378; x_wconf 87' lang='lat' dir='ltr'><strong>equis</strong></span> <span class='ocrx_word' id='word_1_233' title='bbox 1518 2322 1831 2378; x_wconf 90' lang='lat' dir='ltr'><strong>concurrunt,</strong></span> <span class='ocrx_word' id='word_1_234' title='bbox 1866 2315 1933 2362; x_wconf 89' lang='lat' dir='ltr'><strong>in·</strong></span> 
     </span>
     <span class='ocr_line' id='line_1_32' title="bbox 258 2383 1933 2449; baseline 0.001 -16"><span class='ocrx_word' id='word_1_235' title='bbox 258 2385 457 2434; x_wconf 88' lang='lat' dir='ltr'><strong>stantius</strong></span> <span class='ocrx_word' id='word_1_236' title='bbox 486 2383 858 2440; x_wconf 79' lang='lat' dir='ltr'><strong>Pharasmanes:</strong></span> <span class='ocrx_word' id='word_1_237' title='bbox 902 2398 1006 2432; x_wconf 89' lang='lat' dir='ltr'><strong>nam</strong></span> <span class='ocrx_word' id='word_1_238' title='bbox 1047 2385 1216 2432; x_wconf 88' lang='lat' dir='ltr'><strong>vulnus</strong></span> <span class='ocrx_word' id='word_1_239' title='bbox 1254 2400 1341 2449; x_wconf 89' lang='lat' dir='ltr'><strong>per</strong></span> <span class='ocrx_word' id='word_1_240' title='bbox 1380 2383 1569 2447; x_wconf 86' lang='lat' dir='ltr'><strong>galeam</strong></span> <span class='ocrx_word' id='word_1_241' title='bbox 1610 2383 1787 2447; x_wconf 88' lang='lat' dir='ltr'><strong>adegit.</strong></span> <span class='ocrx_word' id='word_1_242' title='bbox 1840 2398 1933 2434; x_wconf 82' lang='lat' dir='ltr'><strong>neo</strong></span> 
     </span>
    </p>

    <p class='ocr_par' dir='ltr' id='par_1_7' title="bbox 200 2453 1933 2657">
     <span class='ocr_line' id='line_1_33' title="bbox 200 2453 1932 2519; baseline 0.002 -20"><span class='ocrx_word' id='word_1_243' title='bbox 200 2467 241 2500; x_wconf 82' lang='lat'><strong>15</strong></span> <span class='ocrx_word' id='word_1_244' title='bbox 262 2456 441 2503; x_wconf 86' lang='lat' dir='ltr'><strong>iterare</strong></span> <span class='ocrx_word' id='word_1_245' title='bbox 472 2454 638 2514; x_wconf 85' lang='lat' dir='ltr'><strong>valuit,</strong></span> <span class='ocrx_word' id='word_1_246' title='bbox 669 2454 912 2518; x_wconf 85' lang='lat' dir='ltr'><strong>praelatus</strong></span> <span class='ocrx_word' id='word_1_247' title='bbox 944 2468 1071 2517; x_wconf 86' lang='lat' dir='ltr'><strong>equo</strong></span> <span class='ocrx_word' id='word_1_248' title='bbox 1101 2462 1149 2502; x_wconf 93' lang='lat' dir='ltr'><strong>et</strong></span> <span class='ocrx_word' id='word_1_249' title='bbox 1174 2454 1446 2503; x_wconf 88' lang='lat' dir='ltr'><strong>fortissimis</strong></span> <span class='ocrx_word' id='word_1_250' title='bbox 1473 2453 1728 2502; x_wconf 86' lang='lat' dir='ltr'><strong>satellitum</strong></span> <span class='ocrx_word' id='word_1_251' title='bbox 1771 2461 1932 2519; x_wconf 89' lang='lat' dir='ltr'><strong>prote-</strong></span> 
     </span>
     <span class='ocr_line' id='line_1_34' title="bbox 260 2522 1933 2586; baseline -0.001 -13"><span class='ocrx_word' id='word_1_252' title='bbox 260 2524 486 2586; x_wconf 88' lang='lat' dir='ltr'><strong>gentibus</strong></span> <span class='ocrx_word' id='word_1_253' title='bbox 512 2525 753 2572; x_wconf 90' lang='lat' dir='ltr'><strong>saucium:</strong></span> <span class='ocrx_word' id='word_1_254' title='bbox 794 2524 918 2572; x_wconf 86' lang='lat' dir='ltr'><strong>fama</strong></span> <span class='ocrx_word' id='word_1_255' title='bbox 956 2530 1113 2571; x_wconf 89' lang='lat' dir='ltr'><strong>tamen</strong></span> <span class='ocrx_word' id='word_1_256' title='bbox 1153 2525 1303 2572; x_wconf 87' lang='lat' dir='ltr'><strong>occisi</strong></span> <span class='ocrx_word' id='word_1_257' title='bbox 1334 2524 1458 2572; x_wconf 86' lang='lat' dir='ltr'><strong>falso</strong></span> <span class='ocrx_word' id='word_1_258' title='bbox 1492 2522 1674 2572; x_wconf 87' lang='lat' dir='ltr'><strong>credita</strong></span> <span class='ocrx_word' id='word_1_259' title='bbox 1703 2524 1933 2572; x_wconf 86' lang='lat' dir='ltr'><strong>exterruit</strong></span> 
     </span>
     <span class='ocr_line' id='line_1_35' title="bbox 258 2594 1175 2657; baseline -0.003 -14"><span class='ocrx_word' id='word_1_260' title='bbox 258 2594 461 2643; x_wconf 86' lang='lat' dir='ltr'><strong>Parthos</strong></span> <span class='ocrx_word' id='word_1_261' title='bbox 488 2594 835 2657; x_wconf 86' lang='lat' dir='ltr'><strong>victoriamque</strong></span> <span class='ocrx_word' id='word_1_262' title='bbox 865 2608 1175 2642; x_wconf 88' lang='lat' dir='ltr'><strong>concessere.</strong></span> 
     </span>
    </p>

    <p class='ocr_par' dir='ltr' id='par_1_8' title="bbox 197 2662 1929 2937">
     <span class='ocr_line' id='line_1_36' title="bbox 197 2662 1929 2727; baseline -0.001 -14"><span class='ocrx_word' id='word_1_263' title='bbox 197 2662 252 2706; x_wconf 78' lang='grc'><strong>36</strong></span> <span class='ocrx_word' id='word_1_264' title='bbox 362 2665 445 2713; x_wconf 84' lang='lat'><strong>42.</strong></span> <span class='ocrx_word' id='word_1_265' title='bbox 485 2662 598 2711; x_wconf 88' lang='lat' dir='ltr'><strong>Mox</strong></span> <span class='ocrx_word' id='word_1_266' title='bbox 635 2663 907 2712; x_wconf 88' lang='lat' dir='ltr'><strong>Artabanus</strong></span> <span class='ocrx_word' id='word_1_267' title='bbox 940 2671 1040 2712; x_wconf 92' lang='lat' dir='ltr'><strong>tota</strong></span> <span class='ocrx_word' id='word_1_268' title='bbox 1079 2664 1206 2712; x_wconf 88' lang='lat' dir='ltr'><strong>mole</strong></span> <span class='ocrx_word' id='word_1_269' title='bbox 1245 2665 1381 2727; x_wconf 87' lang='lat' dir='ltr'><strong>regni</strong></span> <span class='ocrx_word' id='word_1_270' title='bbox 1437 2664 1581 2712; x_wconf 90' lang='lat' dir='ltr'><strong>ultum</strong></span> <span class='ocrx_word' id='word_1_271' title='bbox 1629 2662 1694 2710; x_wconf 89' lang='lat' dir='ltr'><strong>iit.</strong></span> <span class='ocrx_word' id='word_1_272' title='bbox 1760 2662 1929 2726; x_wconf 89' lang='lat' dir='ltr'><strong>peritia</strong></span> 
     </span>
     <span class='ocr_line' id='line_1_37' title="bbox 258 2731 1927 2797; baseline -0.002 -15"><span class='ocrx_word' id='word_1_273' title='bbox 258 2734 475 2782; x_wconf 88' lang='lat' dir='ltr'><strong>locorum</strong></span> <span class='ocrx_word' id='word_1_274' title='bbox 503 2733 560 2781; x_wconf 92' lang='lat' dir='ltr'><strong>ab</strong></span> <span class='ocrx_word' id='word_1_275' title='bbox 588 2733 777 2782; x_wconf 88' lang='lat' dir='ltr'><strong>Hiberis</strong></span> <span class='ocrx_word' id='word_1_276' title='bbox 805 2734 974 2782; x_wconf 88' lang='lat' dir='ltr'><strong>melius</strong></span> <span class='ocrx_word' id='word_1_277' title='bbox 1018 2742 1300 2797; x_wconf 88' lang='lat' dir='ltr'><strong>pugnatum;</strong></span> <span class='ocrx_word' id='word_1_278' title='bbox 1339 2749 1429 2782; x_wconf 91' lang='lat' dir='ltr'><strong>nec</strong></span> <span class='ocrx_word' id='word_1_279' title='bbox 1469 2733 1577 2781; x_wconf 89' lang='lat' dir='ltr'><strong>ideo</strong></span> <span class='ocrx_word' id='word_1_280' title='bbox 1616 2731 1927 2794; x_wconf 85' lang='lat' dir='ltr'><strong>abscedebat,</strong></span> 
     </span>
     <span class='ocr_line' id='line_1_38' title="bbox 258 2803 1929 2866; baseline 0 -16"><span class='ocrx_word' id='word_1_281' title='bbox 258 2803 305 2851; x_wconf 90' lang='lat' dir='ltr'><strong>ni</strong></span> <span class='ocrx_word' id='word_1_282' title='bbox 347 2804 608 2851; x_wconf 87' lang='lat' dir='ltr'><strong>contractis</strong></span> <span class='ocrx_word' id='word_1_283' title='bbox 647 2803 924 2866; x_wconf 89' lang='lat' dir='ltr'><strong>legionibus</strong></span> <span class='ocrx_word' id='word_1_284' title='bbox 961 2804 1186 2852; x_wconf 88' lang='lat' dir='ltr'><strong>Vitellius</strong></span> <span class='ocrx_word' id='word_1_285' title='bbox 1228 2811 1275 2852; x_wconf 90' lang='lat' dir='ltr'><strong>et</strong></span> <span class='ocrx_word' id='word_1_286' title='bbox 1313 2803 1501 2851; x_wconf 91' lang='lat' dir='ltr'><strong>subdito</strong></span> <span class='ocrx_word' id='word_1_287' title='bbox 1540 2815 1762 2864; x_wconf 90' lang='lat' dir='ltr'><strong>rumore,</strong></span> <span class='ocrx_word' id='word_1_288' title='bbox 1816 2809 1929 2850; x_wconf 89' lang='lat' dir='ltr'><strong>tam-</strong></span> 
     </span>
     <span class='ocr_line' id='line_1_39' title="bbox 259 2870 1925 2937; baseline -0.001 -17"><span class='ocrx_word' id='word_1_289' title='bbox 259 2886 396 2935; x_wconf 84' lang='lat' dir='ltr'><strong>quam</strong></span> <span class='ocrx_word' id='word_1_290' title='bbox 424 2872 823 2937; x_wconf 87' lang='lat' dir='ltr'><strong>Mesopotamiam</strong></span> <span class='ocrx_word' id='word_1_291' title='bbox 850 2874 1116 2936; x_wconf 81' lang='lat' dir='ltr'><strong>invasurus,</strong></span> <span class='ocrx_word' id='word_1_292' title='bbox 1143 2881 1316 2921; x_wconf 90' lang='lat' dir='ltr'><strong>metum</strong></span> <span class='ocrx_word' id='word_1_293' title='bbox 1340 2871 1540 2921; x_wconf 86' lang='lat' dir='ltr'><strong>Romani</strong></span> <span class='ocrx_word' id='word_1_294' title='bbox 1568 2870 1684 2919; x_wconf 89' lang='lat' dir='ltr'><strong>belli</strong></span> <span class='ocrx_word' id='word_1_295' title='bbox 1710 2871 1925 2920; x_wconf 84' lang='lat' dir='ltr'><strong>fecisset.</strong></span> 
     </span>
    </p>
   </div>
  </div>
 </body>
</html>
