1976 3224
235 210 303 260 92
671 220 947 259 CORNELII
971 221 1166 260 TACITI
1189 221 1494 260 ANNALIUM

234 350 487 400 videbatur
537 357 911 414 suspectumque
963 349 1054 398 iam
1114 349 1284 398 nimiae
1343 351 1452 415 spei
1507 350 1730 400 Seianum
1787 351 1911 401 ultra

236 420 488 470 extulisse,

337 490 419 541 30.
459 489 578 539 Fine
613 489 720 538 anni
764 503 1058 538 concessere
1097 488 1193 538 vita
1228 491 1444 553 insignes
1478 491 1568 539 viri
1605 489 1657 540 L.
1683 490 1913 541 Volusius

236 567 284 608 et
320 559 576 608 Sallustius
615 557 832 623 Crispus,
897 558 1103 608 Volusio
1150 566 1290 608 vetus
1335 560 1512 610 familia
1554 575 1712 625 neque
1754 568 1913 612 tamen

235 637 508 695 praeturam
536 643 767 692 egressa:
805 630 914 693 ipse
955 628 1254 678 consulatum
1290 630 1470 693 intulit,
1514 631 1737 680 censoria
1773 632 1915 680 etiam

234 706 478 764 potestate
505 698 729 762 legendis
757 700 966 763 equitum
994 698 1202 747 decuriis
1242 700 1460 763 functuS,
1501 713 1768 765 opumque,
1808 701 1915 764 quis

196 784 216 816 5
239 770 406 819 domus
432 768 516 817 illa
550 769 818 816 inmensum
855 768 1036 831 viguit,
1075 769 1255 832 primus
1291 769 1636 819 adcumulator.
1693 768 1916 835 Crispum

235 839 450 904 equestri
476 845 628 887 ortum
654 837 768 886 loco
799 836 854 887 C.
884 837 1165 902 Sallustius,
1191 853 1351 888 rerum
1376 840 1697 889 Romanarum
1737 840 1913 888 floren·

233 910 444 958 tissimus
477 915 671 970 auctor,
715 908 900 957 sororis
937 915 1164 972 nepotem
1200 910 1247 956 in
1285 923 1459 958 nomen
1495 909 1714 958 adscivit.
1773 917 1916 973 atque

186 980 343 1044 *ille,
390 992 674 1042 quamquam
727 984 952 1043 prompto
1007 976 1066 1026 ad
1122 974 1454 1043 capessendos
1500 978 1716 1027 honores
1768 978 1915 1042 aditu,

236 1049 570 1099 Maecenatem
598 1047 864 1097 aemulatus
893 1048 996 1095 sine
1025 1047 1256 1110 dignitate
1282 1050 1528 1098 senatoria
1555 1049 1731 1098 multos
1757 1050 1916 1097 trium-

175 1133 218 1167 ιο
237 1118 448 1184 phalium
476 1117 901 1182 consulariumque
930 1119 1144 1181 potentia
1171 1119 1364 1182 anteiit,
1395 1118 1617 1168 diversus
1644 1133 1671 1167 a
1699 1126 1917 1167 veterum

234 1187 450 1237 instituto
480 1202 568 1253 per
596 1187 772 1249 cultum
808 1195 856 1236 et
891 1187 1141 1236 munditias
1179 1190 1420 1253 copiaque
1460 1195 1508 1238 et
1542 1188 1765 1237 alluentia
1803 1187 1918 1237 luxu

234 1258 456 1324 propior.
516 1256 712 1305 suberat
736 1265 894 1306 tamen
928 1258 1072 1320 vigor
1098 1259 1238 1307 animi
1261 1258 1536 1322 ingentibus
1570 1258 1784 1322 negotiis
1809 1272 1914 1322 par,

237 1342 297 1377 eo
324 1328 503 1390 acrior,
532 1341 626 1390 quo
654 1341 870 1375 somnum
898 1334 946 1375 et
982 1328 1200 1376 inertiam
1235 1330 1390 1392 magis
1428 1327 1716 1378 ostentabat.
1772 1328 1916 1392 igitur

235 1397 463 1447 incolumi
487 1395 773 1446 Maecenate
814 1398 1087 1462 proximuS,
1127 1413 1240 1448 mox
1279 1399 1568 1464 praecipuus
1607 1398 1682 1447 cui
1726 1403 1915 1446 secreta

178 1467 932 1533 15imperatorum·inniterentur
975 1474 1023 1515 et
1056 1468 1374 1517 interficiendi
1407 1468 1618 1518 Postumi
1663 1466 1917 1531 Agrippae

238 1538 495 1599 consciuS,
538 1543 696 1585 aetate
734 1533 970 1601 provecta
1007 1538 1223 1601 speciem
1263 1540 1417 1601 magis
1456 1539 1503 1587 in
1538 1538 1747 1587 amicitia
1790 1537 1916 1601 prin-

238 1609 361 1672 cipis
402 1622 541 1671 quam
581 1608 675 1655 vim
710 1608 876 1655 tenuit.
923 1606 1068 1670 idque
1106 1614 1153 1656 et
1188 1607 1461 1656 Maecenati
1500 1607 1775 1669 acciderat,
1816 1606 1917 1654 fato

235 1678 482 1742 potentiae
521 1690 631 1725 raro
676 1677 1026 1741 sempiternae,
1076 1691 1135 1725 an
1174 1679 1318 1726 satias
1358 1678 1486 1742 capit
1529 1685 1607 1726 aut
1636 1675 1773 1739 illos,
1811 1689 1917 1724 cum

238 1747 393 1795 omnia
420 1745 713 1808 tribuerunt,
744 1748 824 1794 aut'
847 1746 963 1809 hos,
1006 1761 1110 1794 cum
1143 1746 1234 1796 iam
1271 1746 1387 1795 nihil
1424 1746 1658 1812 reliquum
1689 1752 1763 1794 est
1791 1743 1916 1810 quod

179 1833 221 1868 20
242 1816 452 1881 cupiant.
615 1848 617 1850 -
910 1818 914 1823 “
1810 1855 1813 1857 .

346 1886 429 1936 31.
468 1885 694 1948 Sequitur
719 1885 884 1933 Tiberi
911 1892 1134 1949 quartuS,
1170 1884 1315 1934 Drusi
1351 1884 1592 1934 secundus
1619 1884 1917 1948 consulatuS,

237 1956 388 2021 patris
427 1963 570 2019 atque
613 1954 694 2002 filii
733 1954 947 2017 collegio
987 1955 1206 2018 insignis.
1272 1971 1378 2004 nam
1415 1955 1620 2004 triennio
1663 1963 1771 2004 ante
1801 1955 1915 2004 Ger-

236 2026 409 2074 manici
440 2040 544 2073 cum
573 2024 769 2073 Tiberio
809 2024 935 2073 idem
973 2023 1129 2074 honor
1163 2039 1322 2090 neque
1362 2032 1533 2090 patruo
1577 2025 1733 2074 laetus
1761 2038 1919 2088 neque

237 2102 405 2144 natura
445 2101 538 2143 tam
578 2109 796 2143 conexus
838 2094 1010 2143 fuerat.
1091 2095 1194 2143 eius
1243 2096 1351 2143 anni
1377 2102 1380 2106 ’
1404 2096 1643 2160 principio
1695 2093 1918 2144 Tiberius

201 2182 220 2214 5
240 2165 375 2229 quasi
403 2163 661 2213 firmandae
691 2164 953 2212 valetudini
990 2165 1036 2211 in
1068 2162 1374 2229 Campaniam
1413 2166 1681 2227 concessit,
1724 2163 1918 2226 longam

240 2242 287 2282 et
325 2236 595 2283 continuam
632 2233 897 2282 absentiam
933 2233 1158 2298 paulatim
1204 2233 1464 2297 meditanS,
1511 2235 1616 2283 sive
1660 2241 1712 2282 ut
1756 2240 1916 2282 amoto

237 2310 377 2368 patre
403 2303 587 2350 Drusus
609 2305 763 2351 munia
787 2303 1065 2351 consulatus
1092 2302 1225 2352 solus
1253 2303 1492 2368 impleret.
1540 2318 1598 2352 ac
1617 2303 1746 2352 forte
1768 2317 1915 2367 parva

237 2387 320 2420 res
347 2387 569 2434 magnum
596 2372 654 2420 ad
685 2380 928 2420 certamen
957 2385 1222 2436 progressa
1249 2372 1470 2436 praebuit
1488 2373 1647 2421 iuveni
1669 2373 1916 2421 materiem

240 2441 488 2506 apiscendi
518 2441 717 2489 favoris.
762 2440 997 2489 Domitius
1025 2439 1240 2490 Corbulo
1283 2449 1509 2506 praetura
1545 2442 1733 2490 functus
1767 2441 1826 2490 de
1861 2441 1913 2490 L.

184 2522 225 2555 ιο
243 2510 376 2561 Sulla
402 2510 550 2559 nobili
577 2511 749 2560 iuvene
783 2517 981 2574 questus
1014 2517 1088 2559 est
1120 2512 1245 2576 apud
1280 2518 1522 2575 senatum,
1561 2511 1691 2575 quod
1729 2510 1819 2559 sibi
1849 2511 1914 2558 in-

240 2588 315 2629 ter
341 2580 621 2645 spectacula
651 2579 970 2643 gladiatorum
996 2579 1109 2629 loco
1131 2595 1226 2629 non
1253 2581 1563 2630 decessisset.
1616 2594 1704 2645 pro
1729 2579 1913 2629 Corbu-

240 2650 355 2698 lone
380 2657 538 2712 aetaS,
574 2651 754 2714 patrius
792 2663 923 2712 mOS,
962 2649 1113 2699 studia
1148 2652 1391 2700 seniorum
1427 2657 1586 2699 erant:
1627 2657 1790 2698 contra
1817 2649 1913 2698 Ma-

241 2734 432 2768 mercus
475 2720 686 2768 Scaurus
735 2727 782 2768 et
826 2719 877 2768 L.
915 2718 1170 2768 Arruntius
1220 2720 1397 2784 aliique
1445 2719 1607 2768 Sullae
1657 2719 1914 2783 propinqui

241 2789 529 2836 nitebantur.
578 2788 921 2853 certabantque
948 2790 1243 2838 orationibus
1273 2797 1319 2838 et
1347 2787 1730 2838 memorabantur
1751 2803 1911 2837 exem-

186 2875 226 2907 15
243 2857 323 2920 pla
350 2859 596 2919 maiorum,
627 2860 705 2922 qui
730 2860 987 2907 iuventutis
1024 2859 1393 2908 inreverentiam
1430 2857 1658 2922 gravibus
1703 2857 1911 2915 decretis

242 2927 563 2989 notavissent,
606 2926 761 2975 donec
799 2927 982 2975 Drusus
1030 2935 1139 2991 apta
1185 2928 1508 2992 temperandis
1554 2928 1718 2976 animis
1764 2927 1911 2976 disse-
