1976 3224
667 195 841 233 Lmen
867 195 960 232 xv.
990 194 1112 233 CAP.
1135 193 1334 237 58—61.
1733 186 1835 238 309

166 323 283 373 illud
328 322 478 372 breve
523 323 688 372 mortis
733 322 978 372 arbitrium
1023 324 1338 387 permitteret.
1393 332 1561 389 raptus
1599 326 1836 376 inlocum

167 393 425 443 servilibus
473 393 647 457 poenis
685 393 951 457 sepositum
993 407 1132 441 manu
1167 393 1305 442 Statii
1344 393 1518 442 tribuni
1555 395 1834 459 trucidatur,

167 463 338 529 plenus
378 463 640 512 constantis
680 462 857 511 silentii
892 477 984 510 nec
1018 461 1206 511 tribuno
1244 462 1461 511 obiciens
1488 464 1687 513 eandem
1720 479 1831 514 con·
1853 486 1874 518 5

167 534 432 582 scientiam.

273 603 499 666 Sequitur
548 601 724 650 caedes
769 600 953 650 Annaei
995 602 1243 665 Senecae,
1299 601 1560 653 laetissima
1612 605 1833 668 principi,

164 687 260 721 non
288 673 397 736 quia
423 671 766 720 coniurationis
802 671 1100 720 manifestum
1138 681 1468 736 compererat,
1510 673 1597 722 sed
1627 681 1676 721 ut
1699 673 1832 721 ferro

164 749 488 806 grassaretur,
517 740 705 805 quando
731 755 966 789 venenum
991 754 1086 788 non
1114 750 1440 805 processerat.
1491 744 1626 792 solus
1652 744 1833 808 quippe

162 811 346 862 Natalis
373 819 420 860 et
443 811 674 860 hactenus
701 812 963 876 prompsit,
1001 812 1193 858 missum
1229 826 1282 859 se
1318 811 1375 861 ad
1401 820 1654 876 aegrotum
1681 813 1829 861 Sene·
1848 828 1890 862 ιο

165 896 284 944 cam,
311 883 377 930 uti
407 881 589 929 viseret
616 889 1091 944 conquerereturque
1118 896 1201 928 cur
1222 880 1444 930 Pisonem
1467 882 1594 931 aditu
1615 880 1832 931 arceret:

162 951 332 1000 melius
367 951 503 1013 fore,
545 951 586 998 si
625 950 878 999 amicitiam
913 950 1134 998 familiari
1172 964 1440 1014 congressu
1480 953 1832 1001 exercuissent.

163 1029 211 1071 et
239 1020 553 1086 respondisse
590 1020 826 1069 Senecam
866 1033 1118 1068 sermones
1155 1027 1342 1069 mutuos
1387 1029 1433 1070 et
1462 1021 1636 1070 crebra
1667 1021 1832 1070 conlo-

163 1091 270 1156 quia
306 1091 461 1139 neutri
499 1089 796 1145 conducere;
851 1096 1063 1137 ceterum
1098 1089 1299 1138 salutem
1338 1106 1469 1139 suam
1504 1091 1833 1140 incolumitate

162 1161 350 1210 Pisonis
391 1161 538 1207 inniti.
597 1159 720 1208 haec
757 1158 888 1207 ferre
917 1158 1094 1207 Gavius
1126 1159 1348 1208 Silvanus
1384 1160 1600 1209 tribunus
1639 1167 1830 1225 praeto·
1850 1179 1892 1213 15

161 1232 261 1278 riae
292 1230 534 1292 cohortiS,
574 1236 622 1277 et
661 1243 719 1276 an
755 1228 881 1276 dicta
909 1227 1092 1277 Natalis
1129 1243 1310 1293 suaque
1335 1244 1576 1294 responsa
1601 1237 1835 1278 nosceret

163 1300 439 1364 percontari
477 1299 713 1347 Senecam
743 1297 945 1346 iubetur.
1012 1299 1053 1346 is
1091 1297 1220 1347 forte
1263 1314 1321 1347 an
1366 1299 1578 1363 prudens
1622 1299 1680 1347 ad
1726 1314 1833 1347 eum

162 1369 286 1418 diem
313 1384 374 1417 ex
397 1367 654 1433 Campania
680 1375 983 1416 remeaverat
1004 1375 1314 1432 quartumque
1341 1368 1466 1432 apud
1491 1368 1700 1433 lapidem
1715 1369 1830 1417 ‘sub-

161 1438 344 1488 urbano
391 1453 502 1487 rure
550 1437 841 1486 substiterat.
917 1436 1000 1485 illo
1048 1439 1317 1502 propinqua
1359 1450 1569 1502 vespera
1615 1438 1831 1487 tribunus

163 1510 293 1556 venit
318 1515 366 1556 et
391 1507 550 1556 villam
580 1506 744 1571 globis
774 1506 971 1555 militum
997 1509 1203 1571 saepsit;
1231 1515 1327 1555 tum
1353 1508 1445 1572 ipsi
1474 1518 1578 1556 cum
1600 1507 1830 1572 Pompeia
1847 1526 1891 1560 20

162 1578 355 1628 Paulina
381 1592 532 1626 uxore
562 1585 610 1626 et
647 1577 810 1626 amicis
837 1575 1020 1625 duobus
1046 1576 1256 1640 epulanti
1281 1577 1498 1626 mandata
1525 1578 1832 1642 imperatoris

163 1647 321 1696 edidit.

267 1716 350 1766 61.
394 1716 581 1764 Seneca
627 1718 821 1764 missum
857 1715 915 1764 ad
952 1730 1007 1764 se
1039 1714 1260 1764 Natalem
1299 1724 1711 1781 conquestumque
1746 1732 1831 1766 no-

162 1788 286 1835 mine
325 1786 512 1835 Pisonis
540 1786 670 1850 quod
709 1801 734 1834 a
777 1785 973 1833 visendo
1006 1799 1066 1834 eo
1105 1785 1465 1850 prohiberetur,
1506 1801 1659 1850 seque
1685 1787 1832 1835 ratio-

164 1871 271 1905 nem
297 1854 582 1903 valetudinis
610 1862 656 1903 et
684 1869 894 1903 amorem
921 1856 1093 1918 quietis
1116 1856 1430 1903 excusavisse
1450 1856 1718 1919 respondit.
1750 1870 1834 1904 cur

165 1926 367 1975 salutem
393 1925 567 1989 privati
593 1924 798 1973 hominis
822 1925 1136 1974 incolumitati
1164 1939 1279 1972 suae
1309 1925 1599 1987 anteferret,
1640 1940 1832 1974 causam

163 2011 259 2045 non
294 1993 545 2051 habuisse;
592 2008 684 2042 nec
720 1992 810 2041 sibi
846 2000 1115 2058 promptum
1153 1995 1199 2041 in
1234 1993 1532 2043 adulationes
1571 1995 1826 2057 ingenium.
1850 2011 1871 2043 5

163 2065 304 2129 idque
336 2063 451 2111 nulli
480 2065 635 2126 magis
669 2077 869 2126 gnarum
897 2077 1034 2126 quam
1060 2061 1269 2125 Neroni,
1309 2065 1387 2127 qui
1414 2064 1607 2126 saepius
1637 2062 1830 2112 liberta-

163 2142 258 2183 tem
299 2133 518 2182 Senecae
564 2147 702 2197 quam
753 2133 998 2181 servitium
1046 2140 1278 2195 expertus
1320 2140 1464 2181 esset.
1523 2132 1602 2180 ubi
1643 2132 1765 2181 haec
1805 2147 1833 2181 a

162 2203 352 2252 tribuno
387 2203 538 2251 relata
578 2209 685 2251 sunt
718 2201 947 2266 Poppaea
983 2209 1030 2250 et
1057 2201 1297 2264 Tigellino
1338 2217 1527 2264 coram,
1570 2201 1699 2266 quod
1730 2209 1834 2250 erat

165 2273 398 2322 saevienti
427 2274 631 2337 principi
669 2272 877 2319 intimum
905 2271 1240 2333 consiliorum,
1267 2272 1534 2334 interrogat
1560 2286 1618 2319 an
1644 2272 1833 2320 Seneca

164 2342 482 2392 voluntariam
523 2349 727 2390 mortem
781 2349 990 2405 pararet.
1062 2349 1157 2389 tum
1202 2340 1417 2389 tribunus
1459 2340 1588 2389 nulla
1633 2342 1831 2405 pavoris
1850 2357 1890 2390 10

167 2414 334 2475 signa,
368 2411 483 2459 nihil
521 2413 657 2460 triste
693 2411 740 2458 in
780 2409 942 2458 verbis
981 2411 1081 2458 eius
1117 2418 1194 2458 aut
1231 2411 1361 2458 vultu
1389 2410 1678 2474 deprensum
1719 2423 1830 2457 con·
1952 2406 1955 2407 ⁷

165 2481 383 2530 firmavit.
446 2495 566 2543 ergo
608 2479 804 2543 regredi
843 2486 892 2527 et
939 2479 1153 2528 indicere
1193 2487 1392 2528 mortem
1439 2478 1640 2526 iubetur.
1690 2478 1834 2527 tradit

165 2550 340 2600 Fabius
379 2550 603 2599 Rusticus
636 2563 731 2597 non
772 2564 829 2597 eo
878 2563 973 2612 quo
1019 2556 1220 2598 venerat
1266 2550 1435 2596 itinere
1468 2547 1695 2611 reditum,
1730 2548 1833 2597 sed

166 2621 362 2669 flexisse
393 2619 452 2668 ad
484 2618 710 2667 Faenium
737 2618 1060 2682 praefectum,
1103 2625 1150 2665 et
1179 2618 1414 2681 expositis
1441 2616 1663 2666 Caesaris
1689 2619 1832 2666 iussis

167 2704 227 2738 an
253 2687 611 2752 obtemperaret
646 2688 1049 2768 interrogavisse,
1086 2688 1409 2750 monitumque
1437 2686 1495 2735 ab
1524 2701 1582 2734 eo
1619 2695 1666 2735 ut
1693 2702 1831 2735 exse·
1849 2699 1890 2733 15

169 2765 414 2823 queretur,
443 2758 575 2806 fatali
603 2758 808 2805 omnium
834 2757 1042 2819 ignavia.
1102 2770 1208 2804 nam
1235 2763 1283 2804 et
1315 2756 1538 2805 Silvanus
1567 2758 1691 2804 inter
1717 2770 1830 2805 con-

168 2828 349 2876 iuratos
388 2835 491 2876 erat
530 2826 834 2891 augebatque
871 2825 1088 2888 scelera,
1123 2826 1171 2873 in
1212 2839 1412 2890 quorum
1448 2825 1677 2874 ultionem
1717 2839 1830 2874 con-

171 2904 405 2946 senserat.
460 2897 569 2945 voci
606 2904 762 2945 tamen
799 2902 846 2942 et
885 2895 1100 2959 aspectui
1129 2896 1350 2960 pepercit
1383 2895 1734 2959 intromisitque
1773 2894 1832 2943 ad
