1976 3224
467 177 642 214 LtssER
663 177 735 214 vr.
771 176 895 214 CAP.
926 175 1110 218 32—36
1134 164 1381 233 (26—30).
1683 164 1782 214 167

114 323 173 356 ac
208 305 449 355 Tiberium
484 305 635 353 minus
671 305 858 353 ducenti
896 305 1236 368 quinquaginta
1263 304 1369 351 anni
1397 302 1602 352 fuerunt.
1656 301 1840 353 unde15

114 391 207 426 non
235 375 348 424 nulli
375 369 545 423 falsum
573 374 697 423 hunc
725 373 1012 438 phoenicem
1039 388 1197 437 neque
1223 373 1434 421 Arabum
1458 388 1484 421 e
1510 373 1652 421 terris
1678 386 1782 420 cre-

113 445 299 508 didere,
327 444 537 508 nihilque
566 445 874 508 usurpavisse
896 459 957 492 ex
983 443 1066 506 iis,
1107 458 1229 507 quae
1270 450 1407 491 vetus
1445 443 1673 491 memoria
1701 441 1783 489 fir-

115 517 273 565 mavit.
326 513 549 562 confecto
577 515 757 578 quippe
784 527 1010 561 annorum
1040 527 1265 576 numero,
1305 512 1383 560 ubi
1422 527 1552 560 mors
1589 512 1781 576 propin-

117 592 258 649 quet,
289 584 387 632 suis
415 583 460 630 in
494 585 635 631 terris
672 590 859 631 struere
896 582 1050 630 nidum
1094 584 1235 646 eique
1277 582 1370 630 vim
1406 581 1664 645 genitalem
1704 580 1781 629 ad·

115 653 331 716 fundere,
360 668 422 701 ex
453 668 544 717 qua
571 653 716 701 fetum
743 652 856 701 oriri
870 671 880 709 ;
921 659 967 700 et
1006 651 1202 716 primam
1240 651 1400 700 adulto
1441 667 1599 700 curam
1640 666 1780 715 sepe·
1799 668 1842 701 20

116 723 260 772 liendi
290 722 454 786 patriS,
483 737 639 786 neque
666 721 712 770 id
737 729 950 785 temere,
987 720 1073 769 sed
1113 721 1300 770 sublato
1337 736 1524 769 murrae
1565 720 1780 785 pondere

117 797 441 856 temptatoque
471 807 559 856 per
585 792 779 854 longum
807 793 925 853 iter,
967 790 1046 839 uhi
1073 807 1160 855 par
1188 791 1347 854 oneri,
1386 800 1472 856 par·
1507 791 1682 838 meatui
1706 792 1782 852 sit,

117 861 280 911 subire
307 862 506 923 patrium
536 875 716 924 corpus
745 862 888 925 inque
920 861 1048 909 Solis
1074 876 1203 909 aram
1231 861 1451 925 perferre
1491 868 1631 925 atque
1670 859 1781 908 ado·

118 932 238 980 lere.
302 927 424 977 haec
464 931 645 979 incerta
678 937 725 978 et
765 930 998 978 fabulosis
1039 937 1202 978 aucta:
1250 937 1462 978 ceterum
1505 931 1656 994 aspici
1702 929 1782 978 ali·

118 998 308 1065 quando
337 999 382 1046 in
410 998 639 1062 Aegypto
670 1015 775 1048 eam
802 1000 1052 1048 volucrem
1076 1013 1172 1047 non
1203 999 1472 1063 ambigitur.
1802 1017 1842 1049 :5

219 1070 302 1119 35.
342 1067 405 1116 At
430 1068 614 1116 Romae
644 1069 791 1118 caede
828 1071 1048 1118 continua
1084 1069 1375 1133 Pomponius
1401 1069 1591 1132 Labeo,
1633 1083 1770 1132 quem
1785 1074 1839 1118 29

121 1138 391 1205 praefuisse
411 1132 642 1186 Moesiae
677 1139 865 1202 rettuli,
914 1155 1002 1203 per
1045 1138 1272 1203 abruptas
1317 1154 1465 1187 venas
1505 1139 1784 1201 sanguinem

121 1208 310 1263 effudit3
351 1206 679 1271 aemulataque
726 1215 798 1254 est
842 1210 1049 1257 coniunx
1094 1208 1299 1257 Paxaea.
1377 1223 1483 1257 nam
1535 1215 1785 1273 promptas

121 1281 223 1327 eius
249 1275 375 1325 modi
408 1283 587 1325 mortes
616 1282 768 1324 metus
806 1278 1040 1326 carnificis
1079 1277 1311 1342 faciebat,
1356 1285 1403 1326 et
1443 1279 1548 1342 quia
1582 1277 1785 1327 damnati

122 1347 379 1413 publicatis
415 1345 553 1394 bonis
590 1344 837 1409 sepultura
876 1347 1274 1410 prohibebantur,
1314 1363 1478 1398 eorum
1516 1349 1594 1411 qui
1633 1349 1692 1397 de
1729 1362 1821 1395 ses

124 1414 392 1467 statuebant
415 1414 724 1464 humabantur
762 1429 1000 1479 corpora,
1044 1417 1298 1466 manebant
1335 1425 1640 1481 testamenta,
1675 1432 1783 1481 pre·

123 1489 236 1536 tium
266 1484 535 1534 festinandi.
594 1483 679 1533 sed
706 1483 886 1533 Caesar
910 1485 1068 1532 missis
1101 1487 1158 1536 ad
1195 1494 1409 1536 senatum
1441 1488 1595 1535 literis
1636 1487 1784 1535 disse-

122 1558 212 1605 ruit
239 1569 420 1604 morem
454 1554 603 1602 fuisse
639 1553 922 1617 maioribuS,
966 1555 1187 1618 quotiens
1223 1557 1497 1606 dirimerent
1537 1557 1785 1617 amicitiaS,

123 1624 412 1675 interdicere
439 1623 578 1672 domo
608 1639 810 1688 eumque
835 1625 974 1672 finem
999 1624 1184 1687 gratiae
1221 1639 1432 1687 ponere:
1469 1625 1516 1674 id
1554 1642 1608 1675 se
1644 1640 1785 1690 repe-

125 1696 288 1745 tivisse
314 1696 359 1742 in
388 1693 629 1756 Labeone,
659 1701 801 1757 atque
829 1693 972 1756 illum,
1003 1693 1112 1757 quia
1140 1692 1263 1741 male
1296 1695 1646 1745 administratae
1673 1710 1843 1760 pro-10

124 1764 310 1814 vinciae
331 1763 622 1827 aliorumque
651 1763 892 1812 criminum
920 1763 1232 1826 arguebatur,
1275 1761 1459 1827 culpam
1493 1765 1669 1812 invidia
1703 1781 1785 1810 ve-

126 1834 332 1895 lavisse,
364 1832 537 1880 frustra
567 1834 825 1881 conterrita
862 1847 1039 1895 uxore,
1078 1847 1216 1896 quam
1251 1834 1340 1880 etsi
1378 1842 1629 1883 nocentem
1662 1833 1786 1898 peri-

129 1902 221 1952 culi
250 1909 407 1950 tamen
437 1909 684 1965 expertem
715 1902 881 1950 fuisse.
931 1901 1199 1950 Mamercus
1224 1902 1332 1950 dein
1360 1902 1569 1950 Scaurus
1604 1917 1787 1951 rursum

130 1970 414 2037 postulatur,
441 1970 638 2032 insignis
664 1970 911 2019 nobilitate
938 1978 985 2018 et
1013 1971 1206 2019 orandis
1235 1972 1419 2034 causiS,
1453 1973 1547 2019 vita
1589 1972 1787 2034 probro-

130 2039 225 2090 sas.
271 2039 385 2088 nihil
411 2039 536 2088 hunc
561 2041 766 2089 amicitia
791 2040 978 2103 Seiani,
1007 2039 1092 2088 sed
1121 2040 1348 2088 labefecit
1381 2041 1503 2089 haud
1530 2042 1682 2088 minus
1708 2056 1786 2088 va·
1811 2053 1846 2085 15

129 2110 271 2160 lidum
298 2109 356 2159 ad
384 2109 527 2157 exitia
557 2109 798 2159 Macronis
826 2109 1012 2172 odium,
1053 2110 1132 2173 qui
1170 2109 1363 2158 easdem
1388 2118 1516 2158 artes
1557 2108 1791 2158 occultius

131 2179 416 2236 exercebat;
456 2178 787 2244 detuleratque
839 2187 1163 2242 argumentum
1214 2180 1494 2242 tragoediae
1543 2195 1568 2227 a
1609 2179 1791 2228 Scauro

130 2251 359 2313 scriptae,
389 2247 558 2297 additis
579 2249 797 2297 versibus
829 2251 906 2313 qui
934 2250 977 2297 in
998 2248 1236 2297 Tiberium
1264 2249 1598 2298 flecterentur:
1627 2263 1793 2297 verum

131 2318 190 2369 ab
218 2317 425 2367 Servilio
453 2325 500 2366 et
526 2317 753 2367 Cornelio
785 2318 1146 2368 accusatoribus
1173 2318 1453 2367 adulterium
1478 2318 1669 2381 Liviae,
1698 2333 1791 2366 ma-

133 2403 303 2453 gorum
339 2402 476 2436 sacra
514 2387 889 2438 oblectabantur.
954 2389 1187 2451 Scaurus,
1238 2396 1284 2437 ut
1322 2388 1511 2451 dignum
1549 2387 1791 2436 veteribus
1808 2403 1850 2435 20

132 2457 364 2519 Aemiliis,
392 2456 736 2506 damnationem
766 2459 953 2521 anteiit,
994 2458 1211 2506 hortante
1247 2458 1410 2506 Sextia
1449 2473 1630 2520 uxore,
1671 2472 1792 2520 quae

137 2528 485 2576 incitamentum
515 2529 678 2575 mortis
707 2535 752 2575 et
782 2527 1026 2592 particeps
1054 2528 1154 2575 fuit.

241 2596 322 2647 36.
359 2597 430 2643 Ac
458 2604 613 2644 tamen
638 2604 976 2659 accusatores,
1005 2599 1041 2644 si
1081 2597 1282 2644 facultas
1311 2596 1571 2656 incideret,
1611 2595 1781 2659 poenis
1794 2601 1851 2645 30

137 2665 506 2727 adliciebantur,
546 2673 592 2713 ut
630 2666 861 2714 Servilius
899 2665 1246 2728 Corneliusque
1286 2665 1472 2729 perdito
1516 2666 1698 2712 Scauro
1725 2663 1792 2712 fa·
1826 2700 1832 2702 ψ

137 2736 282 2798 mosi,
309 2736 418 2799 quia
453 2735 698 2799 pecuniam
735 2751 760 2783 a
800 2737 946 2783 Vario
989 2735 1162 2796 Ligure
1212 2733 1509 2782 omittendae
1542 2733 1794 2782 delationis

140 2812 394 2867 ceperant,
432 2806 477 2852 in
508 2804 685 2852 insulas
712 2804 964 2853 interdicto
992 2805 1088 2866 igni
1127 2810 1269 2866 atque
1307 2819 1425 2866 aqua
1465 2802 1636 2852 demoti
1674 2811 1794 2852 sunt.

139 2879 187 2919 et
223 2872 434 2922 Abudius
470 2874 600 2922 Ruso
638 2874 825 2922 functus
859 2872 1098 2922 aedilitate
1135 2872 1241 2920 dum
1286 2871 1484 2920 Lentulo
1529 2872 1834 2937 Gaetuli00,5
