1976 3224
901 98 922 111 l

182 160 255 210 42
310 170 320 180 ·
604 170 880 208 CORNELII
918 170 1115 208 TACITI
1152 171 1460 210 ANNALmM

243 301 384 341 Novos
423 299 606 339 honores
644 306 864 339 aversatur
890 299 1097 341 Tiberius.
1159 300 1230 342 88.
1267 299 1448 340 Arminii
1485 303 1637 343 caedes
1672 307 1713 342 et
1747 313 1871 355 prae-

242 370 423 398 conium.

329 414 442 454 Haec
471 419 593 467 gesta
629 413 751 453 annis
780 420 999 465 quattuor,
1032 426 1143 455 coss.
1184 415 1230 456 T.
1262 414 1423 456 Statilio
1449 415 1630 457 Sisenna
1655 415 1791 456 Tauro
1831 422 1871 455 et

242 472 294 515 L.
332 471 550 512 Scribonio
578 470 762 520 Libone,
800 470 847 513 C.
878 471 1018 511 Caelio
1046 471 1157 512 Rufo
1197 481 1237 512 et
1262 472 1309 512 L.
1339 472 1571 527 Pomponio
1598 474 1768 522 Flacco,
1803 472 1866 512 Ti.

242 529 421 569 Caesare
448 529 644 581 Augusto
678 528 736 567 III
770 535 810 568 et
836 527 1084 569 Germanico
1110 528 1290 570 Caesare
1317 531 1380 580 ΙΙ,
1415 531 1470 570 M.
1501 531 1624 571 Iunio
1651 529 1792 570 Silano
1829 536 1870 569 et

242 586 288 629 C.
319 586 517 626 Norbano
546 584 712 626 Flacco.

294 660 338 705 1.
379 658 580 705 Sisenna
645 656 835 705 Statilio
881 656 1038 706 Tauro
1086 657 1138 706 L.
1180 657 1365 707 Libone
1414 658 1691 707 consulibus
1741 664 1870 706 mota

182 728 385 776 orientis
423 741 575 789 regna
610 728 992 790 provinciaeque
1021 728 1293 789 Romanae,
1339 729 1470 777 initio
1509 728 1635 793 apud
1665 727 1869 777 Parthos

185 805 291 846 orto
310 835 323 859 ,
353 798 432 860 qui
460 797 659 860 petitum
684 797 835 845 Roma
864 805 1213 863 acceptumque
1242 813 1438 860 regem,
1468 800 1682 863 quamvis
1708 799 1867 861 gentis

182 866 550 929 Arsacidarum,
588 873 638 914 ut
677 874 926 914 externum
959 868 1356 931 aspernabantur.
1417 870 1458 916 is
1496 869 1583 917 fuit
1614 869 1866 930 VononeS,

138 955 162 987 5
184 937 330 986 obses
366 936 588 999 Augusto
626 936 762 985 datus
803 951 829 984 a
864 936 1085 986 Phraate.
1169 953 1276 986 nam
1318 937 1549 987 Phraates
1587 953 1867 1003 quamquam

183 1007 452 1071 depulisset
482 1007 726 1053 exercitus
753 1005 1002 1070 ducesque
1026 1007 1302 1071 RomanOS,
1343 1016 1513 1057 cuncta
1539 1010 1868 1057 venerantium

184 1078 346 1127 officia
397 1076 455 1124 ad
489 1075 757 1138 Augustum
806 1083 1020 1125 verterat
1071 1085 1354 1143 partemque
1409 1079 1561 1143 prolis
1607 1077 1866 1127 firmandae

181 1146 422 1197 amicitiae
455 1147 674 1210 miserat,
710 1145 836 1194 haud
876 1146 1079 1210 perinde
1107 1149 1261 1197 nostri
1296 1155 1424 1197 metu
1456 1163 1596 1213 quam
1633 1147 1743 1197 fidei
1779 1161 1864 1212 po-

183 1217 420 1283 pularium
446 1216 648 1264 diffisus.

322 1287 370 1335 2.
397 1286 514 1334 Post
538 1287 677 1334 finem
703 1285 920 1335 Phraatis
948 1294 995 1335 et
1022 1288 1321 1352 sequentium
1353 1303 1522 1351 regum
1548 1287 1610 1336 ob
1653 1290 1865 1336 internas

181 1356 360 1406 caedes
386 1371 568 1404 venere
596 1358 642 1403 in
670 1355 838 1404 urbem
866 1357 1016 1419 legati
1044 1372 1070 1406 a
1098 1357 1388 1421 primoribus
1415 1357 1631 1422 Parthis,
1660 1359 1740 1423 qui
1765 1359 1864 1407 Vo-

180 1442 356 1476 nonem
381 1428 754 1474 vetustissimum
780 1426 1044 1474 liberorum
1071 1429 1173 1475 eius
1200 1429 1431 1489 accirent.
1486 1429 1791 1491 magnificum
1818 1427 1865 1475 id

183 1497 274 1546 sibi
313 1495 519 1544 credidit
557 1494 1005 1561 Caesar'auxitque
1047 1497 1238 1561 opibuS.
1304 1505 1353 1545 et
1389 1513 1630 1562 accepere
1671 1497 1863 1546 barbari

136 1582 158 1613 5
184 1568 448 1629 laetanteS,
486 1573 533 1614 ut
568 1566 720 1614 ferme
757 1566 816 1615 ad
840 1581 967 1615 nova
993 1567 1209 1632 imperia.
1266 1581 1380 1615 mox
1414 1567 1557 1616 subiit
1589 1567 1745 1632 pudor
1783 1567 1863 1615 de-

179 1638 498 1700 generavisse
524 1635 757 1685 Parthos:
799 1638 996 1701 petitum
1032 1637 1126 1686 alio
1164 1652 1226 1685 ex
1262 1636 1381 1685 orbe
1423 1652 1618 1700 regem,
1657 1637 1863 1686 hostium

180 1706 364 1755 artibus
404 1706 659 1761 infectum;
696 1707 787 1754 iam
826 1708 950 1754 inter
987 1707 1263 1771 provincias
1290 1707 1532 1756 Romanas
1573 1707 1744 1755 solium
1770 1706 1861 1755 Ar-

179 1775 447 1825 sacidarum
495 1775 662 1823 haberi
709 1775 926 1839 darique.
995 1776 1074 1824 ubi
1122 1777 1251 1825 illam
1287 1776 1495 1839 gloriam
1528 1778 1863 1826 trucidantium

180 1844 434 1909 Crassum,
481 1845 831 1894 exturbantium
868 1845 1156 1909 Antonium,
1213 1846 1253 1894 si
1290 1847 1576 1911 mancipium
1617 1846 1861 1905 Caesaris„

121 1923 161 1957 10
178 1923 249 1965 tot
286 1931 374 1980 per
409 1930 559 1963 annos
595 1917 872 1964 servitutem
903 1931 1216 1980 perpessum,
1253 1915 1441 1965 Parthis
1467 1914 1744 1982 imperitet?
1781 1931 1859 1965 ac-

179 1984 418 2034 cendebat
452 1985 769 2048 dedignantes
812 1993 859 2033 et
896 1987 1003 2050 ipse
1039 1986 1260 2035 diversus
1299 2002 1326 2035 a
1353 1987 1582 2036 maiorum
1614 1987 1873 2049 institutiS,

176 2070 289 2104 raro
320 2063 522 2119 venatu,
560 2057 699 2118 segni
727 2070 959 2119 equorum
990 2071 1125 2113 cura;
1166 2056 1390 2120 quotiens
1417 2071 1506 2121 per
1540 2056 1687 2104 urbes
1728 2058 1858 2105 ince-

178 2125 347 2188 deret,
378 2125 583 2174 lecticae
610 2127 876 2188 gestamine
903 2126 1127 2190 fastuque
1155 2141 1274 2189 erga
1303 2128 1483 2190 patrias
1509 2125 1694 2190 epulas.
1746 2127 1858 2174 inri-

178 2195 412 2244 debantur
463 2203 511 2243 et
551 2194 723 2244 Graeci
766 2197 967 2244 comites
1023 2211 1080 2244 ac
1138 2196 1366 2244 vilissima
1401 2195 1672 2244 utensilium
1715 2194 1857 2244 anulo

119 2276 160 2310 15
180 2264 360 2313 clausa.
417 2264 503 2313 sed
538 2267 746 2329 prompti
784 2265 969 2328 aditus,
1008 2265 1152 2314 obvia
1179 2267 1403 2327 comitae,
1443 2266 1640 2327 ignotae
1670 2263 1857 2314 Parthis

176 2335 399 2395 virtuteS‚
441 2348 566 2382 nova
594 2336 734 2391 vitia;
764 2343 810 2383 et
834 2336 943 2398 quia
967 2335 1182 2398 ipsorum
1206 2333 1418 2382 moribus
1445 2333 1628 2397 aliena,
1656 2333 1856 2398 perinde

176 2403 335 2452 odium
366 2403 529 2467 pravis
558 2410 605 2451 et
625 2403 858 2452 honestis.

281 2473 329 2524 3.
375 2472 526 2535 Igitur
558 2472 830 2522 Artabanus
865 2472 1206 2522 Arsacidarum
1255 2488 1282 2521 e
1321 2472 1555 2536 sanguine
1595 2473 1721 2539 apud
1759 2473 1853 2524 Da·

174 2542 262 2592 has
299 2543 485 2591 adultus
515 2544 724 2606 excitur,
761 2545 1011 2607 primoque
1039 2558 1307 2606 congressu
1339 2542 1475 2592 fusus
1505 2550 1699 2608 reparat
1723 2545 1853 2602 vires

173 2627 428 2676 regnoque
459 2614 651 2677 potitur.
702 2615 831 2661 victo
859 2614 1053 2662 Vononi
1080 2613 1352 2677 perfugium
1377 2612 1604 2662 Armenia
1630 2613 1744 2676 fuit,
1773 2629 1851 2662 va-

175 2697 263 2730 cua
309 2690 420 2730 tunc
479 2684 699 2746 interque
746 2682 1025 2731 Parthorum
1065 2690 1113 2731 et
1154 2683 1395 2732 Romanas
1438 2696 1560 2747 opes
1604 2682 1747 2732 infida
1787 2682 1850 2732 ob

130 2752 336 2800 §scelus
374 2752 593 2815 Antonii,
649 2754 727 2816 qui
762 2752 1063 2801 Artavasden
1097 2768 1265 2815 regem
1306 2752 1643 2813 Armeniorum
1682 2755 1850 2818 specie

171 2820 411 2870 amicitiae
435 2822 681 2885 iniectum,
720 2822 829 2870 dein
857 2823 1039 2871 catenis
1071 2829 1345 2884 oneratum,
1375 2829 1624 2887 postremo
1652 2822 1848 2871 interfe-

171 2897 323 2940 cerat.
382 2891 485 2939 eius
525 2891 647 2939 lilius
686 2891 936 2956 Artaxias,
983 2891 1212 2940 memoria
1250 2893 1397 2955 patris
1433 2889 1574 2941 nobis
1612 2892 1848 2955 infensuS,
