1976 3224
633 215 807 254 LmER
834 215 951 254 xvl.
982 214 1105 253 CAP.
1132 213 1329 257 23—28.
1712 204 1814 254 327

149 346 239 395 dor
265 351 482 410 caperet,
511 343 649 392 inrita
681 357 770 406 spe
798 344 993 406 agitari;
1024 342 1268 408 multoque
1292 343 1444 405 magis
1475 341 1729 390 timendum
1754 358 1814 391 ne

147 417 195 464 in
222 414 505 477 coniugem,
543 413 590 460 in
623 411 874 475 familiam,
914 413 961 459 in
1000 419 1163 461 cetera
1204 413 1408 477 pignora
1449 413 1550 459 eius
1588 412 1813 460 saeviret.
1833 421 1873 455 ιο

148 483 351 550 proinde
387 485 722 544 intemeratus,
747 481 1038 546 inpollutuS,
1077 495 1276 544 quorum
1310 482 1531 544 vestigiis
1566 488 1612 528 et
1648 480 1814 529 studiis

146 554 291 602 vitam
325 552 536 614 duxerit,
576 565 742 599 eorum
781 551 938 614 gloria
974 557 1167 615 peteret
1200 551 1356 599 finem.
1409 550 1576 598 aderat
1611 550 1814 598 consilio

144 622 370 673 Rusticus
405 620 672 683 ArulenuS,
700 620 910 683 flagrans
936 621 1147 682 iuveniS,
1187 627 1234 668 et
1271 619 1490 684 cupidine
1518 619 1670 667 laudis
1697 619 1814 667 osfe-

146 691 284 741 rebat
310 705 363 739 se
394 692 769 739 intercessurum
798 697 993 737 senatus
1022 689 1269 738 consulto:
1300 704 1415 737 Vnam
1442 688 1574 753 plebi
1599 688 1816 737 tribunus

147 767 266 811 erat.
321 759 535 808 cohibuit
561 760 754 824 spiritus
781 759 882 808 eius
911 758 1141 821 Thrasea,
1165 773 1226 806 ne
1251 773 1373 807 vana
1402 766 1449 806 et
1474 772 1559 806 reo
1581 773 1678 806 non
1698 772 1810 822 pro·
1834 768 1874 802 1⁶

146 831 328 892 futura,
365 830 679 877 intercessori
717 828 921 877 exitiosa
956 829 1210 892 inciperet.
1277 827 1365 876 sibi
1403 835 1555 876 actam
1591 834 1814 890 aetatem,

148 907 195 948 et
231 906 304 948 tot
342 914 432 963 per
462 913 611 947 annos
640 899 911 946 continuum
937 899 1064 946 vitae
1103 897 1317 946 ordinem
1342 912 1438 945 non
1468 897 1813 946 deserendum:

145 969 215 1017 illi
251 969 427 1016 initium
464 969 822 1030 magistratuum
859 975 907 1015 et
933 967 1123 1030 integra
1153 982 1275 1031 quae
1310 968 1568 1032 supersint.
1623 966 1816 1014 multum

146 1044 255 1087 ante
281 1051 442 1085 secum
471 1035 786 1100 expenderet,
812 1035 941 1100 quod
966 1036 1048 1084 tali
1076 1037 1121 1084 in
1147 1043 1370 1101 tempore
1392 1035 1723 1100 capessendae
1744 1037 1814 1083 rei

146 1106 373 1172 publicae
400 1107 491 1154 iter
515 1105 869 1169 ingrederetur.
923 1112 1137 1153 ceterum
1163 1107 1293 1171 ipse,
1321 1121 1380 1154 an
1405 1106 1573 1153 venire
1602 1106 1649 1153 in
1680 1120 1814 1154 sena·
1833 1125 1876 1158 20

145 1184 241 1225 tum
270 1175 484 1237 deceret,
509 1174 804 1223 meditationi
830 1190 946 1223 suae
977 1173 1186 1239 reliquit.

253 1245 337 1294 27.
376 1243 439 1292 At
479 1251 675 1309 postera
714 1243 824 1293 luce
862 1244 983 1293 duae
1021 1244 1295 1308 praetoriae
1338 1243 1568 1292 cohortes
1606 1252 1814 1293 armatae

146 1314 375 1378 templum
402 1312 670 1363 Genetricis
695 1315 904 1363 Veneris
930 1312 1155 1361 insidere.
1216 1312 1388 1361 aditum
1419 1320 1613 1362 senatus
1639 1313 1816 1376 globus

122 1391 419 1447 .togatorum
458 1382 717 1431 obsederat
757 1397 852 1431 non
891 1382 1098 1432 occultis
1142 1382 1340 1448 gladiis,
1386 1382 1687 1447 dispersique
1727 1398 1818 1447 per

146 1453 251 1501 fora
289 1467 346 1501 ac
380 1452 606 1501 basilicas
641 1453 778 1500 cunei
804 1452 1053 1500 militares.
1104 1453 1228 1500 inter
1265 1467 1464 1515 quorum
1505 1459 1732 1516 aspectus
1769 1458 1818 1500 et

145 1524 296 1570 minas
317 1522 527 1584 ingres-si
554 1521 730 1570 curiam
759 1528 1028 1584 senatoreS,
1057 1528 1104 1569 et
1124 1522 1280 1570 oratio
1302 1522 1535 1586 principis
1557 1536 1646 1585 per
1672 1535 1812 1585 quae·
1835 1541 1855 1573 5

146 1599 324 1640 storcm
355 1591 458 1639 eius
486 1590 643 1640 audita
674 1597 774 1641 est:
812 1592 1002 1639 nemine
1034 1591 1305 1638 nominatim
1333 1590 1625 1655 compellato
1651 1597 1817 1655 patres

146 1660 406 1723 arguebat,
435 1660 561 1724 quod
586 1658 779 1724 publica
806 1661 960 1708 munia
986 1659 1272 1708 desererent
1299 1674 1563 1724 eorumque
1592 1659 1815 1724 exemplo

147 1730 335 1792 equites
360 1729 561 1778 Romani
587 1728 645 1778 ad
671 1730 926 1792 segnitiam
952 1736 1284 1777 verterentur:
1314 1731 1487 1777 etenim
1514 1728 1636 1793 quid,
1649 1731 1816 1777 mirum

147 1813 174 1846 e
200 1797 476 1861 longinquis
504 1799 771 1862 provinciis
795 1796 918 1846 haud
951 1798 1121 1860 veniri,
1150 1813 1254 1846 cum
1276 1798 1498 1862 plerique
1521 1798 1681 1862 adepti
1702 1812 1814 1847 con-

146 1866 347 1916 sulatum
375 1873 422 1914 et
457 1866 727 1914 sacerdotia
749 1867 996 1914 hortorum
1025 1867 1184 1929 potius
1211 1868 1484 1915 amoenitati
1510 1869 1814 1917 inservirent.
1834 1887 1874 1920 10

146 1935 273 2001 quod
297 1935 431 1983 velut
456 1935 601 1983 telum
632 1936 914 1998 corripuere
944 1941 1273 1983 accusatores.

244 2003 330 2054 28.
369 2003 431 2053 Et
464 2004 642 2053 initium
676 2004 887 2052 faciente
916 2002 1229 2068 Cossutiano,
1267 2005 1449 2052 maiore
1484 2006 1530 2053 vi
1554 2004 1816 2055 Marcellus

144 2088 370 2123 summam
395 2088 496 2122 rem
523 2073 765 2139 publicam
788 2074 866 2136 agi
895 2072 1188 2130 clamitabat;
1220 2075 1519 2123 contumacia
1539 2075 1814 2124 inferiorum

143 2142 386 2192 lenitatem
423 2144 741 2208 imperitantis
778 2142 998 2190 deminui.
1053 2142 1244 2191 nimium
1277 2144 1417 2190 mites
1457 2143 1513 2192 ad
1551 2158 1654 2192 eam
1691 2144 1814 2193 diem

142 2220 334 2279 patreS,
374 2214 453 2277 qui
489 2212 750 2262 Thraseam
780 2212 1161 2275 desciscentem,
1207 2214 1285 2276 qui
1314 2227 1545 2275 generum
1573 2215 1675 2261 eius
1700 2213 1812 2263 Hel·

142 2281 317 2330 vidium
353 2281 565 2332 Priscum
600 2283 646 2329 in
676 2281 826 2330 isdem
863 2280 1137 2344 furoribus,
1178 2281 1315 2330 simul
1350 2281 1606 2330 Paconium
1634 2282 1809 2348 Agrip·
1833 2299 1852 2331 5

142 2352 332 2415 pinum,
373 2351 561 2415 paterni
591 2353 637 2399 in
663 2352 911 2416 principes
937 2350 1035 2399 odii
1070 2350 1325 2413 heredem,
1368 2358 1415 2399 ct
1442 2350 1652 2400 Curtium
1681 2353 1813 2402 Mon-

142 2427 301 2469 tanum
322 2420 599 2470 detestanda
624 2421 830 2469 carmina
851 2421 1146 2469 factitantem
1170 2420 1367 2469 eludere
1386 2422 1562 2485 inpune
1585 2423 1812 2470 sinerent.

143 2489 396 2553 requirere
435 2505 490 2537 se
525 2491 571 2537 in
597 2497 763 2538 senatu
794 2490 1123 2553 consularem,
1159 2491 1205 2538 in
1231 2491 1358 2538 votis
1396 2489 1727 2553 sacerdotem,
1766 2491 1812 2538 in

141 2559 246 2607 iure
271 2558 468 2607 iurando
498 2559 664 2621 civem,
697 2560 784 2606 nisi
816 2567 982 2607 contra
1008 2560 1219 2607 instituta
1246 2565 1293 2606 et
1325 2559 1640 2608 caerimonias
1666 2560 1810 2609 maio-

141 2642 245 2676 rum
294 2627 590 2692 proditorem
638 2628 793 2692 palam
837 2636 885 2676 et
932 2627 1120 2677 hostem
1160 2628 1374 2677 Thrasea
1426 2628 1672 2678 induisset.
1729 2629 1868 2679 de-1o

142 2697 286 2762 nique
313 2712 461 2761 agere
504 2704 775 2746 senatorem
813 2705 859 2746 et
896 2699 1129 2763 principis
1161 2697 1519 2746 obtrectatores
1546 2706 1809 2763 protegere

143 2766 315 2815 solitus
349 2768 562 2830 veniret,
604 2774 827 2815 censeret
858 2767 967 2831 quid
1001 2768 1183 2830 corrigi
1220 2773 1298 2814 aut
1331 2768 1498 2814 mutari
1536 2767 1709 2816 vellet:
1741 2767 1807 2815 fa·

146 2834 286 2885 cilius
323 2836 594 2901 perlaturos
630 2835 816 2899 singula
863 2837 1191 2901 increpantem
1227 2850 1364 2899 quam
1409 2851 1533 2884 nunc
1571 2836 1807 2884 silentium

144 2904 417 2968 perferrent
442 2906 596 2954 omnia
627 2904 906 2953 damnantis.
958 2920 1128 2969 pacem
1154 2902 1225 2952 illi
1254 2919 1341 2967 per
1363 2903 1528 2952 orbem
1547 2912 1722 2968 terrae,
1751 2919 1806 2952 an
