1976 3224
600 200 775 237 mmm
798 199 873 236 iv.
905 198 1028 236 CAP.
1056 196 1256 240 56—60.
1695 187 1786 236 141

136 331 290 382 culum
327 331 456 377 auxit
493 343 614 377 vana
648 328 850 375 rumoris
898 324 1212 390 praebuitque
1260 329 1355 391 ipsi
1406 327 1652 376 materiem
1713 341 1796 374 cur

135 401 371 451 amicitiae
408 398 801 461 constantiaeque
836 396 998 445 Seiani
1034 397 1189 459 magis
1227 397 1412 446 fideret.
1478 395 1797 445 vescebantur

136 471 184 519 in
213 469 324 519 villa
353 470 428 517 cui
453 467 738 517 vocabulum
762 466 1059 532 Speluncae,
1086 481 1216 514 mare
1243 466 1558 516 Amuclanum
1595 468 1717 514 inter
1753 470 1802 513 et

137 539 391 589 Fundanos
414 545 630 598 monteS,
669 537 829 585 nativo
867 537 914 584 in
955 551 1122 601 specu.
1185 536 1286 584 eius
1323 551 1379 585 os
1417 537 1568 601 lapsis
1594 542 1797 599 repente
1820 546 1840 578 5

138 611 267 658 saxis
287 608 452 656 obruit
479 607 707 672 quosdam
733 607 1000 655 ministros:
1030 605 1141 654 hinc
1167 613 1320 655 metus
1345 608 1394 654 in
1419 620 1586 654 omnes
1613 612 1660 652 et
1685 605 1801 667 fuga

137 693 304 728 eorum
331 678 410 741 qui
454 678 727 725 convivium
768 675 1094 725 celebrabant.
1158 676 1361 725 Seianus
1405 691 1534 739 genu
1571 673 1801 738 vultuque

139 756 187 797 et
210 747 425 808 manibus
453 761 599 811 super
625 746 884 795 Caesarem
910 760 1174 809 suspensus
1196 746 1424 811 opposuit
1449 760 1561 794 sese
1590 744 1800 792 inciden-

136 817 286 880 tibus,
329 824 472 881 atque
496 815 659 864 habitu
694 816 775 865 tali
812 822 1033 880 repertus
1065 822 1140 863 est
1167 831 1192 864 a
1220 815 1446 864 militibus
1473 815 1552 879 qui
1587 813 1801 862 subsidio

137 894 384 937 venerant.
431 887 584 936 maior
610 901 671 934 ex
696 900 784 948 eo,
823 893 870 933 et
907 900 1188 949 quamquam
1224 886 1432 934 exitiosa
1469 884 1716 946 suaderet,
1756 889 1862 931 ut1o

138 972 233 1006 non
257 957 329 1005 sui
354 956 545 1018 anxiuS,
582 970 686 1004 cum
715 954 806 1004 fide
833 954 1125 1004 audiebatur.
1187 954 1597 1018 adsimulabatque
1633 953 1804 1002 iudicis

141 1034 302 1092 partes
337 1025 590 1075 adversum
627 1025 895 1075 Germanici
931 1025 1156 1089 stirpem,
1202 1024 1402 1074 subditis
1439 1026 1518 1088 qui
1555 1030 1804 1073 accusato-

138 1112 240 1146 rum
272 1097 462 1144 nomina
499 1096 788 1144 sustinerent
833 1095 1131 1159 maximeque
1168 1095 1518 1144 insectarentur
1561 1093 1806 1142 Neronem

141 1166 407 1231 proximum
433 1164 735 1213 successioni
764 1171 836 1227 et,
879 1179 1159 1229 quamquam
1192 1164 1411 1213 modesta
1445 1164 1664 1225 iuventa,
1700 1162 1805 1228 ple-

140 1250 341 1300 rumque
378 1243 534 1283 tamen
580 1234 692 1299 quid
731 1235 777 1282 in
825 1235 1204 1297 praesentiarum
1253 1234 1548 1284 conduceret
1589 1232 1803 1295 oblitum,
1825 1244 1864 1277 15

140 1305 249 1365 dum
274 1321 300 1354 a
326 1305 512 1353 libertis
548 1311 595 1352 et
636 1302 909 1366 clientibuS,
948 1304 1238 1369 apiscendae
1275 1305 1519 1369 potentiae
1563 1303 1805 1368 properiS,

141 1375 470 1423 exstimulatur
495 1381 545 1422 ut
569 1381 781 1422 erectum
817 1380 864 1421 et
899 1373 1122 1423 fidentem
1155 1375 1293 1424 animi
1333 1373 1641 1425 ostenderet:
1678 1371 1808 1420 velle

140 1444 188 1493 id
218 1444 446 1508 populum
468 1444 748 1506 Romanum,
775 1458 956 1508 cupere
983 1445 1242 1507 exercituS,
1271 1459 1428 1508 neque
1446 1457 1668 1492 ausurum
1695 1455 1806 1490 con-

140 1522 213 1563 tra
243 1515 480 1575 Seianum,
512 1513 592 1578 qui
617 1528 741 1562 nunc
765 1515 1042 1578 patientiam
1077 1514 1205 1562 senis
1247 1521 1294 1562 et
1331 1514 1584 1575 segnitiam
1621 1512 1807 1559 iuvenis

140 1585 272 1632 iuxta
298 1583 507 1632 insultet.
1823 1583 1867 1617 2⁰

246 1653 329 1703 60.
364 1653 496 1702 Haec
526 1659 668 1716 atque
694 1651 806 1701 talia
831 1652 1038 1701 audienti
1077 1651 1192 1701 nihil
1234 1652 1425 1716 quidem
1463 1666 1642 1716 pravae
1675 1650 1808 1713 cogi-

142 1723 358 1785 tationis,
415 1721 500 1771 sed
542 1721 776 1773 interdum
819 1737 971 1771 voces
1020 1721 1352 1786 procedebant
1405 1729 1714 1771 contumaces
1764 1726 1812 1767 et

143 1792 472 1854 inconsultae,
503 1805 621 1855 quas
649 1791 855 1856 adpositi
887 1791 1112 1840 custodes
1140 1799 1374 1857 exceptas
1408 1798 1670 1854 auctasque
1707 1804 1812 1838 cum

144 1860 390 1909 deferrent
415 1875 571 1924 neque
595 1860 777 1909 Neroni
801 1861 1066 1910 defendere
1094 1861 1287 1911 daretur
1304 1899 1317 1923 ,
1358 1858 1582 1910 diversae
1614 1862 1813 1924 insuper

147 1929 519 1978 sollicitudinum
546 1929 728 1978 formae
767 1930 1057 1978 oriebantur.
1118 1946 1224 1979 nam
1259 1931 1380 1980 alius
1413 1945 1668 1980 occursum
1712 1930 1852 1981 eiuss

146 2000 332 2062 vitare,
362 1998 549 2063 quidam
576 1998 862 2047 salutatione
887 1998 1071 2048 reddita
1102 2002 1258 2048 statim
1284 2003 1464 2064 averti,
1495 2000 1716 2065 plerique
1746 2000 1813 2046 in·

147 2075 337 2133 ceptum
365 2082 635 2117 sermonem
661 2067 975 2132 abrumpere,
1006 2069 1334 2118 insistentibus
1372 2077 1536 2118 contra
1572 2068 1812 2116 inridenti-

145 2138 331 2202 busque
360 2138 439 2202 qui
465 2137 640 2186 Seiano
667 2137 880 2187 fautores
908 2137 1120 2188 aderant.
1181 2141 1425 2188 enimvero
1456 2138 1678 2188 Tiberius
1716 2144 1813 2186 tor-

148 2222 234 2256 vus
271 2215 350 2256 aut
385 2201 556 2256 falsihn
598 2207 822 2256 renidens
873 2208 1029 2256 vultu:
1090 2223 1178 2257 seu
1220 2208 1502 2273 loqueretur
1554 2223 1638 2256 seu
1686 2215 1813 2256 tace-

146 2285 221 2326 ret
247 2277 462 2339 iuvenis,
505 2277 684 2325 crimen
725 2292 787 2325 ex
823 2276 1041 2340 silentio,
1081 2293 1142 2326 ex
1181 2293 1323 2328 voce.
1388 2293 1449 2327 ne
1486 2291 1583 2326 nox
1627 2277 1815 2342 quidem
1837 2290 1874 2323 10

147 2361 337 2409 secura,
367 2361 470 2396 cum
496 2360 617 2395 uxor
646 2347 838 2410 vigilias
866 2361 1061 2396 somnos
1089 2348 1294 2413 suspiria
1324 2348 1458 2397 matri
1484 2347 1646 2396 Liviae
1673 2354 1816 2410 atque

147 2416 227 2465 illa
254 2416 428 2466 Seiano
461 2416 782 2482 patefaceret;
822 2418 902 2481 qui
935 2417 1131 2466 fratrem
1158 2433 1350 2482 quoque
1375 2417 1584 2466 Neronis
1607 2416 1817 2472 Drusum

149 2487 290 2534 traxit
319 2488 366 2535 in
392 2493 572 2550 partes,
606 2501 693 2550 spe
721 2485 913 2535 obiecta
942 2488 1174 2552 principis
1200 2487 1320 2550 loci,
1349 2489 1387 2536 si
1415 2488 1630 2552 priorem
1658 2492 1815 2535 aetate

149 2562 196 2604 et
224 2557 314 2604 iam
339 2555 628 2604 labefactum
655 2555 962 2604 demovisset.
1026 2564 1165 2606 atrox
1203 2557 1346 2605 Drusi
1381 2556 1624 2620 ingenium
1669 2569 1815 2619 super

152 2624 419 2689 cupidinem
460 2625 704 2689 potentiae
734 2632 780 2672 et
808 2625 949 2673 solita
982 2625 1209 2674 fratribus
1236 2626 1347 2674 odia
1375 2623 1729 2674 accendebatur
1747 2625 1815 2671 in·
1835 2635 1874 2668 15

154 2694 293 2757 vidia,
321 2694 449 2759 quod
477 2700 628 2742 mater
653 2693 922 2758 Agrippina
953 2697 1223 2759 promptior
1249 2694 1430 2743 Neroni
1481 2701 1599 2743 erat.
1658 2707 1818 2757 neque

150 2769 308 2811 tamen
334 2765 534 2813 Seianus
572 2765 635 2811 ita
672 2763 876 2811 Drusum
914 2763 1138 2827 fovebat,
1177 2771 1226 2812 ut
1264 2779 1360 2812 non
1398 2764 1445 2811 in
1482 2771 1587 2812 eu‘m
1624 2777 1817 2827 quoque

152 2834 331 2881 semina
356 2833 498 2882 futuri
525 2833 655 2882 exitii
690 2832 1025 2898 meditaretur,
1067 2849 1245 2897 gnarus
1287 2833 1621 2898 praeferocem
1660 2840 1707 2882 et
1749 2832 1817 2880 in-

153 2899 284 2949 sidiis
314 2903 464 2965 magi-s
492 2910 791 2967 oportunum.
