1976 3224
271 216 335 264 76
703 227 976 265 CORNELII
999 225 1192 264 TACITI
1213 226 1519 265 ANNALIUM

269 354 444 401 ferunt.
498 360 691 401 cursant
718 368 806 417 per
831 354 996 402 urbem
1016 391 1030 416 ,
1057 353 1313 401 moliuntur
1353 351 1640 415 templorum
1679 352 1837 407 fores;
1874 353 1940 401 iu-

271 429 351 470 vat
379 421 714 470 credulitatem
739 437 836 471 nox
863 431 911 472 et
936 423 1206 486 promptior
1235 423 1358 469 inter
1390 420 1619 469 tenebras
1659 421 1965 469 adfirmatio.,.

211 505 361 542 201160
392 490 577 539 obstitit
602 491 737 540 falsis
768 492 1021 556 TiberiuS,
1062 492 1220 539 donec
1253 499 1474 554 tempore
1510 504 1567 539 ac
1603 491 1759 554 spatio
1797 504 1943 538 vane-

272 567 493 608 scerent:
525 568 573 608 et
601 561 810 624 populus
838 562 973 626 quasi
997 575 1183 608 rursum
1213 567 1432 622 ereptum
1457 560 1614 607 acrius
1641 558 1809 607 doluit.

375 627 458 678 83.
497 628 749 692 HonoreS,
791 638 841 678 ut
874 632 980 694 quis
1016 643 1180 677 amore
1206 630 1254 676 in
1283 629 1616 678 Germanicum
1640 635 1719 676 aut
1748 628 1943 691 ingenio

270 697 486 759 validuS,
522 700 706 762 reperti
735 699 1044 762 decretique:
1081 705 1132 746 ut
1169 711 1343 746 nomen
1381 698 1486 745 eius*
1522 697 1693 746 Saliari
1733 698 1969 746 carmine¹

273 774 553 824 caneretur;
576 767 721 816 sedes
743 769 934 817 curules
957 767 1259 816 sacerdotum
1279 766 1611 830 Augustalium
1632 766 1755 814 lo'cis
1773 781 1941 831 super·
1962 803 1967 829 7

272 851 366 900 que
413 851 495 885 eas
539 851 784 900 querceae
835 851 1046 886 coronae
1093 843 1441 891 statuerentur;
1493 835 1632 884 ludos
1693 833 1974 885 circenses?

232 927 251 956 5
274 906 454 954 eburna
476 905 665 968 effigies
690 907 929 969 praeiret,
969 921 1094 954 neve
1116 907 1221 970 quis
1244 905 1416 955 flamen
1446 912 1524 953 aut
1545 919 1697 967 augur
1717 904 1939 954 inlocum
1963 918 1965 947 1

271 974 538 1024 Germanici
576 975 667 1022 nisi
697 977 854 1037 gentis
889 975 1038 1024 Iuliae
1074 982 1339 1023 crearetur.
1399 989 1540 1022 arcus
1578 974 1722 1022 additi
1757 972 1940 1023 Romae

271 1051 318 1092 et
347 1043 473 1107 apud
494 1045 645 1106 ripam
673 1043 828 1092 Rheni
860 1052 908 1093 et
937 1045 984 1092 in
1007 1051 1168 1092 monte
1194 1044 1362 1092 Suriae
1390 1043 1603 1104 Aman0,
1641 1057 1745 1090 cum
1773 1044 1940 1091 inscri-

269 1114 434 1176 ptione
471 1128 630 1161 rerum
670 1121 916 1175 gestarum
950 1128 1008 1162 ac
1046 1120 1249 1161 mortem
1276 1112 1456 1160 obrem
1479 1111 1719 1176 publicam
1746 1112 1911 1160 obisse
1928 1130 1942 1169 ;

270 1181 579 1246 sepulchrum
606 1181 922 1245 Antiochiae,
951 1182 1032 1231 ubi
1063 1189 1329 1245 crematuS,
1366 1181 1572 1230 tribunal
1607 1180 1939 1245 Epidaphnae,

211 1266 250 1297 10
271 1265 364 1314 quo
399 1251 445 1298 in
471 1251 582 1299 loco
611 1252 753 1300 vitam
781 1253 984 1301 finierat
1037 1259 1295 1300 statuarum
1329 1251 1611 1300 locorumve
1647 1250 1695 1297 in
1727 1252 1831 1314 quis
1859 1264 1940 1298 co·
1972 1246 1973 1249 ’

267 1321 340 1368 lei
347 1327 485 1368 entur
520 1320 645 1369 haud
667 1321 822 1370 facile
862 1322 967 1385 quis
1002 1336 1246 1369 numerum
1285 1321 1460 1368 inierit.
1526 1334 1632 1368 cum
1660 1327 1973 1382 censeretur

270 1390 457 1453 clipeus
488 1403 604 1437 auro
633 1397 681 1438 et
706 1383 1030 1452 magnitudine
1060 1391 1258 1452 insignis
1295 1391 1419 1438 inter
1445 1396 1671 1438 auctores
1708 1383 1973 1452 eloquen

267 1460 390 1519 tiae,
434 1457 740 1508 adseveravit
770 1459 994 1508 Tiberius
1025 1460 1215 1507 solitum
1250 1474 1515 1523 paremque
1551 1459 1727 1507 ceteris
1761 1457 1971 1506 dicatu--

267 1543 395 1576 rum:
431 1543 588 1591 neque
625 1529 747 1576 enim
786 1529 1109 1592 eloquentiam
1143 1529 1333 1576 fortuna
1370 1528 1605 1590 discerni,
1643 1534 1691 1574 et
1731 1527 1846 1575 satis
1872 1528 1940 1574 in-

213 1605 252 1637 15
271 1597 450 1658 lustre,
483 1599 521 1644 si
548 1605 743 1646 veteres
771 1599 896 1647 inter
918 1599 1185 1662 scriptores
1216 1597 1492 1645 haberetur.
1549 1603 1779 1660 equester
1819 1596 1940 1644 ordo

271 1682 471 1714 cuneum
495 1666 764 1716 Germanici
785 1667 1048 1731 appellavit
1069 1668 1148 1731 qui
1171 1667 1402 1714 iuniorum
1425 1666 1688 1727 dicebatur,
1718 1666 1940 1713 instituit·
1966 1702 1969 1719 ,

270 1752 362 1799 que
395 1737 459 1783 uti
489 1743 669 1783 turmae
697 1737 854 1784 idibus
882 1736 1012 1784 Iuliis
1038 1737 1288 1798 imaginem
1317 1737 1417 1782 eius
1449 1741 1782 1799 sequerentur.
1835 1734 1969 1798 ple·

267 1820 419 1868 raque
445 1813 658 1853 manent:
698 1805 932 1868 quaedam
959 1806 1114 1853 statim
1141 1806 1315 1854 omissa
1342 1811 1450 1851 sunt
1488 1811 1566 1852 aut
1602 1811 1815 1851 vetustas
1855 1802 1960 1851 ob-

270 1874 496 1921 literavit.

378 1941 460 1991 84.
517 1941 740 1990 Ceterum
785 1945 971 1991 recenti
1013 1943 1167 1992 adhuc
1207 1943 1442 1991 maestitia
1484 1955 1626 1989 soror
1670 1939 1961 1990 Germanici
1975 1975 1976 1979 ,

268 2010 416 2073 Livia,
444 2019 586 2074 nupta
611 2011 790 2073 Dru50,
823 2011 944 2060 duos
971 2013 1120 2060 virilis
1148 2028 1295 2061 sexus
1329 2011 1468 2059 simul
1492 2011 1632 2059 enixa
1660 2018 1747 2059 est.
1810 2008 1940 2073 quod
1973 2015 1976 2050 2

268 2095 425 2128 rarum
452 2081 726 2144 laetumque
754 2082 893 2130 etiam
917 2081 1116 2129 modicis
1142 2081 1395 2146 penatibus
1430 2088 1560 2128 tanto
1598 2079 1774 2142 gaudio
1811 2081 1937 2143 prin·
1974 2098 1976 2137 ;

270 2151 427 2213 cipem
455 2150 650 2211 adfecit,
680 2158 726 2198 ut
752 2164 847 2197 non
873 2153 1218 2213 temperaverit
1247 2152 1356 2213 quin
1382 2150 1582 2196 iactaret
1603 2148 1726 2211 apud
1753 2155 1937 2211 patres,
1961 2208 1963 2210 v

231 2239 250 2271 5
269 2218 384 2267 nulli
415 2226 521 2267 ante
548 2219 867 2268 Romanorum
897 2219 1111 2268 eiusdem
1136 2220 1313 2282 fastigii
1339 2219 1443 2266 viro
1470 2218 1703 2280 geminam
1739 2213 1963 2281 stirpemtss.

270 2288 469 2342 editam;
498 2304 603 2336 nam
634 2297 820 2349 cuncta,
851 2290 990 2336 etiam
1017 2288 1228 2349 fortuita,
1259 2288 1316 2335 ad
1341 2287 1544 2349 gloriam
1565 2285 1801 2333 vertebat.
1850 2284 1961 2367 sedi·

268 2356 452 2419 populo
482 2357 563 2404 tali
590 2358 635 2403 in
662 2365 881 2420 tempore
908 2357 962 2404 id
983 2372 1174 2420 quoque
1204 2356 1421 2404 dolorem
1447 2355 1568 2415 tulit,
1594 2362 1830 2417 tamquam
1857 2369 1934 2402 au·
1950 2357 1961 2428 ξ

270 2431 373 2472 ctus
400 2424 566 2472 liberis
593 2424 779 2472 Drusus
806 2426 993 2474 domum
1022 2425 1288 2473 Germanici
1313 2424 1464 2486 magis
1496 2431 1739 2485 urgueret
1950 2429 1970 2483 ξ’

252 2537 256 2539 s
367 2493 450 2543 85.
491 2494 671 2542 Eodem
706 2508 828 2542 anno
870 2494 1099 2557 gravibus
1134 2501 1331 2542 senatus
1369 2493 1579 2541 decretis
1617 2492 1764 2540 libido
1799 2485 1957 2540 femi--
1948 2541 1950 2548 ,

266 2577 430 2612 narum
459 2564 672 2611 coercita
700 2569 1012 2626 cautumque,
1045 2578 1105 2611 ne
1133 2571 1382 2627 quaestum
1410 2576 1619 2624 corpore
1645 2561 1833 2609 faceret
1860 2577 1917 2609 cu

268 2648 384 2681 avus
412 2640 489 2680 aut
516 2639 654 2695 pater
680 2639 759 2680 aut
783 2634 979 2681 maritus
1020 2647 1171 2695 eques
1198 2631 1438 2680 Romanus
1474 2631 1661 2679 fuisset.
1711 2645 1816 2678 nam
1851 2629 1912 2677 Vi
1946 2623 1957 2684 ζ

268 2701 391 2749 stilia
435 2702 679 2765 praetoria
704 2701 892 2758 >familia
930 2702 1092 2763 genita
1128 2702 1367 2749 licentiam
1405 2701 1554 2763 stupri
1594 2698 1719 2762 apud
1747 2699 1905 2747 aedile

234 2770 568 2832 svulgaverat,
596 2785 731 2819 more
758 2773 882 2819 inter
908 2778 1105 2819 veteres
1130 2777 1361 2833 recepte,
1404 2770 1481 2831 qui
1520 2769 1634 2816 satis
1672 2782 1885 2831 poenaru
1944 2770 1955 2811 ἴε

266 2838 518 2887 adversum
554 2839 801 2903 inpudicas
848 2841 894 2887 in
924 2840 1040 2902 *ipsa
1088 2839 1397 2902 professione
1441 2837 1605 2899 flagitii
1653 2834 1914 2884 credebant
1951 2839 1954 2843 ’

267 2916 483 2955 exactum
513 2916 561 2956 et
595 2922 621 2956 a
648 2907 819 2956 Titidio
846 2907 1071 2956 Labeone
1099 2907 1315 2955 Vistiliae
1340 2907 1537 2967 marim,
1577 2921 1661 2953 cur
1698 2906 1743 2952 in
1779 2918 1900 2952 uxor

1969 1431 1973 1481 ξ
