1976 3224
554 209 728 262 mesre
753 208 830 246 1v.
873 206 996 244 cAP.
1024 204 1240 246 40—43.
1633 191 1730 243 133

73 341 365 404 sublatisque
412 337 628 385 inanibus
677 351 792 384 vera
836 335 1048 399 potentia
1091 333 1273 396 augeri.
1327 334 1469 395 igitur
1510 331 1734 396 paulatim

71 410 266 472 negotia
287 408 444 470 urbiS,
471 405 638 470 populi
671 404 926 467 adcursus,
963 403 1304 451 multitudinem
1330 401 1633 450 adfluentium
1663 402 1731 448 in-

74 485 258 542 crepat,
290 469 530 526 extollens
549 473 767 523 laudibus
787 475 994 537 quietem
1014 480 1060 520 et
1082 471 1401 534 solitudinem,
1435 472 1539 535 quis
1559 470 1733 519 abesse

73 547 230 596 taedia
257 554 303 595 et
329 545 627 595 offensiones
655 559 712 591 ac
740 543 1002 607 praecipua
1028 556 1184 590 rerum
1214 542 1416 590 maxime
1442 541 1628 603 agitari.
1690 560 1695 563 >

173 616 258 666 42.
291 615 379 664 vAc
412 615 539 663 forte
574 612 733 662 habita
767 628 856 677 per
893 613 1003 661 illos
1030 612 1133 660 dies
1159 610 1219 658 de
1250 612 1459 660 Votieno
1486 610 1734 672 Montano,

75 684 282 735 celebris
307 683 487 747 ingenii
512 684 645 745 vir0,
674 683 887 745 cognitio
918 688 1216 730 cunctantem
1240 682 1331 728 iarn
1357 680 1598 729 Tiberium
1625 694 1734 743 per-

74 754 192 821 pulit
209 761 259 802 ut
277 752 498 803 vitandos
528 751 749 800 crederet
777 759 960 815 patrum
987 758 1154 799 coetus
1180 765 1455 814 vocesque,
1484 765 1606 814 quae
1633 749 1734 812 ple-

71 838 268 888 rumque
299 837 445 871 verae
475 829 522 870 et
551 836 727 884 graves
756 834 915 869 coram
942 818 1298 882 ingerebantur.
1343 836 1450 868 nam
1490 819 1734 884 postulato

71 895 280 944 Votieno
309 891 370 941 ob
400 890 711 939 contumelias
744 892 790 937 in
830 889 1088 939 Caesarem
1116 889 1293 953 dictaS,
1329 892 1465 938 testis
1502 889 1772 937 AemiliuS5

73 978 100 1013 e
121 961 401 1012 militaribus
426 962 544 1009 viris
566 960 673 1009 dum
703 959 857 1007 studio
885 958 1118 1024 probandi
1147 967 1318 1008 cuncta
1339 960 1488 1007 refert
1508 966 1554 1007 et
1575 973 1733 1023 quam-

74 1041 211 1096 quam
234 1033 356 1080 inter
383 1030 724 1095 obstrepentes
749 1044 920 1091 magna
948 1028 1318 1078 adseveratione
1346 1030 1530 1092 nititur,
1557 1027 1736 1076 audivit

71 1100 291 1151 Tiberius
318 1100 495 1165 probra
522 1101 627 1164 quis
657 1114 746 1163 per
770 1098 1008 1148 occultum
1032 1098 1350 1162 lacerabatur,
1381 1098 1600 1162 adeoque
1627 1112 1733 1162 per-

74 1171 232 1220 culsus
261 1177 350 1232 est,
373 1176 423 1217 ut
453 1184 505 1218 se
530 1168 620 1217 vel—
639 1169 794 1217 statim
819 1168 900 1216 vel
920 1169 967 1216 in
995 1169 1271 1231 cognitione
1297 1175 1608 1233 purgaturum
1635 1167 1732 1215 cla-

71 1242 258 1288 mitaret
293 1238 615 1303 precibusque
653 1239 1008 1302 proximorum,
1035 1237 1306 1287 adulatione
1345 1238 1547 1286 omnium
1584 1251 1734 1299 aegre
1753 1252 1794 1285 10

76 1315 391 1373 componeret
426 1310 644 1356 animum.
692 1314 739 1355 et
774 1309 1010 1357 Votienus
1047 1307 1236 1371 quidem
1263 1308 1526 1357 maiestatis
1561 1307 1734 1371 poenis

75 1378 289 1428 adfectus
321 1384 419 1427 est:
458 1376 639 1427 Caesar
675 1375 914 1426 obiectam
949 1377 1039 1426 sibi
1068 1376 1299 1426 adversus
1325 1392 1440 1426 reos
1477 1378 1735 1425 inclemen-

72 1450 182 1496 tiam
224 1462 283 1497 eo
323 1448 625 1512 pervicacius
665 1447 943 1511 amplexuS,
991 1447 1229 1510 Aquiliam
1276 1447 1495 1496 adulterii
1533 1447 1737 1495 delatam

75 1532 180 1567 cum
205 1517 352 1565 Vario
378 1516 569 1580 Ligure,
597 1531 878 1580 quamquam
903 1517 1130 1565 Lentulus
1157 1517 1432 1566 Gaetulicus
1461 1515 1630 1564 consul
1655 1514 1735 1563 de-

75 1588 286 1650 signatus
312 1585 426 1648 lege
447 1586 565 1635 Iulia
593 1586 880 1650 damnasset,
910 1587 1057 1635 exilio
1085 1588 1266 1650 punivit
1290 1586 1610 1652 Apidiumque
1637 1585 1734 1635 Me·
1754 1599 1795 1632 15

72 1655 240 1718 rulam,
271 1654 397 1720 quod
422 1657 468 1703 in
499 1663 604 1705 acta
632 1655 727 1704 divi
751 1655 959 1719 Augusti
983 1670 1080 1705 non
1105 1657 1374 1720 iuraverat,
1409 1656 1519 1706 albo
1547 1663 1736 1705 senato-

58 1726 144 1774 'rio
172 1726 333 1773 erasit.

177 1793 261 1843 43.
308 1793 512 1843 Auditae
557 1795 730 1843 dehinc
768 1795 1255 1846 Lacedaemoniorum
1305 1803 1353 1844 et
1390 1795 1739 1844 Messeniorum

74 1862 347 1924 legationes
369 1863 428 1911 de
447 1865 550 1911 iure
574 1864 738 1928 templi
757 1864 938 1914 Dianae
962 1865 1249 1928 LimnatidiS,
1279 1865 1406 1929 quod
1427 1866 1522 1913 suis
1545 1880 1570 1913 a
1591 1866 1736 1913 maio-

75 1931 206 1979 ribus
241 1945 422 1995 suaque
450 1933 497 1979 in
521 1939 649 1980 terra
679 1932 882 1980 dicatum
915 1933 1281 1983 Lacedaemonii
1315 1934 1565 1983 firmabant
1597 1949 1736 1983 anna-

75 2000 187 2048 lium
210 2002 436 2056 memoria
466 2009 716 2065 vatumque
746 2003 1055 2067 carminibuS,
1097 2003 1183 2052 sed
1207 2004 1487 2052 Macedonis
1512 2003 1736 2067 Philippi,

78 2084 183 2117 cum
219 2083 311 2133 quo
353 2069 645 2133 bellassent,
693 2073 834 2119 armis
869 2072 1136 2137 ademptum
1187 2088 1244 2122 ac
1284 2081 1397 2136 post
1431 2072 1485 2121 C.
1516 2072 1776 2121 Caesaris5

78 2146 125 2187 et
159 2137 221 2187 M.
248 2138 441 2188 Antonii
482 2141 716 2188 sententia
754 2141 1002 2190 redditum.
1055 2148 1220 2190 contra
1260 2141 1488 2190 Messenii
1524 2149 1739 2190 veterem

75 2209 198 2256 inter
237 2207 458 2256 Herculis
509 2216 736 2274 posteros
779 2210 1060 2260 divisionem
1107 2211 1435 2276 Peloponnesi
1476 2211 1736 2276 protulere,

77 2291 260 2342 suoque
285 2278 392 2340 regi
422 2277 773 2327 Dentheliatem
799 2295 991 2343 agrum,
1029 2283 1077 2329 in
1113 2295 1208 2344 quo
1246 2281 1291 2328 id
1321 2280 1591 2344 delubrum,
1633 2296 1735 2330 ces-

77 2347 224 2403 sisse3
252 2349 634 2412 monimentaque
662 2349 761 2397 eius
786 2351 856 2397 rei
884 2350 1070 2415 sculpta
1097 2350 1225 2398 saxis
1251 2357 1299 2398 et
1325 2365 1437 2399 aere
1460 2352 1622 2414 prisco
1641 2366 1735 2399 ma-

76 2429 207 2464 nere.
258 2416 383 2481 quod
405 2418 445 2464 si
465 2425 638 2480 vatum,
665 2418 897 2467 annalium
918 2419 976 2467 ad
996 2421 1263 2468 testimonia
1295 2428 1544 2482 vocentur,
1566 2420 1735 2483 plures
1755 2433 1793 2466 ιο

78 2483 169 2533 sibi
203 2500 259 2534 ac
293 2485 644 2549 locupletiores
672 2502 808 2543 esse:
845 2504 1002 2552 neque
1028 2489 1296 2553 Philippum
1324 2491 1537 2553 potentia
1564 2489 1647 2536 sed
1676 2504 1736 2536 ex

77 2567 195 2602 vero
221 2555 469 2603 statuisse:
507 2555 632 2603 idem
658 2557 790 2618 regis
824 2557 1079 2620 Antigoni,
1115 2558 1238 2606 idem
1262 2559 1565 2621 imperatoris
1590 2558 1733 2606 Mum-

77 2623 156 2670 mii
179 2622 421 2678 iudicium;
451 2624 520 2671 sic
539 2624 754 2673 Milesios
776 2627 1012 2690 permisso
1035 2627 1229 2690 publice
1249 2627 1461 2689 arbitrio,
1487 2634 1734 2689 postremo

77 2690 281 2740 Atidium
310 2693 553 2742 Geminum
579 2701 851 2757 praetorem
879 2694 1093 2743 Achaiae
1130 2695 1426 2743 decrevisse.
1474 2696 1536 2744 ita
1565 2711 1734 2744 secun·

81 2759 185 2807 dum
208 2760 474 2811 Messenios
502 2762 674 2811 datum.
726 2770 773 2810 et
804 2765 1060 2826 Segestani
1093 2764 1260 2813 aedem
1288 2765 1494 2813 Veneris
1515 2772 1734 2814 'montem
1758 2780 1789 2811 ιε

82 2828 202 2891 apud
241 2829 470 2894 Erycum,
516 2839 754 2880 vetustate
802 2832 1061 2897 dilapsam,
1114 2835 1371 2882 restaurari
1409 2834 1734 2898 postulavere,

82 2904 188 2944 nota
227 2908 543 2949 memorantes
581 2900 640 2949 de
685 2901 871 2964 origine
898 2902 998 2949 eius
1035 2909 1079 2950 et
1106 2902 1228 2951 laeta
1260 2903 1468 2953 Tiberio.
1524 2905 1738 2967 suscepit
