1976 3224
582 227 751 264 LIBER
777 227 899 264 xm.
931 226 1056 265 CAP.
1079 226 1137 269 20
1152 246 1210 280 ÷
1227 225 1300 269 25.
1677 219 1779 270 235

46 383 50 391 »
113 362 297 418 arguat.
360 355 525 414 vivere
555 367 650 416 ego
677 352 950 402 Britannico
980 354 1196 418 potiente
1235 371 1394 404 rerum
1423 352 1679 421 poteram?
1727 369 1785 404 ac
1799 371 1843 404 20

112 427 152 473 si
179 423 372 472 Plautus
398 431 477 472 aut
503 424 607 488 quis
636 422 756 471 alius
785 437 887 471 rem
915 423 1154 505 publicam
1179 423 1470 473 iudicaturus
1509 423 1784 488 obtinuerit,

112 493 284 543 desunt
319 493 508 542 scilicet
545 491 657 541 mihi
684 499 1019 556 accusatoreS,
1068 494 1147 556 qui
1183 508 1279 542 non
1315 494 1466 543 verba
1493 494 1786 560 impatientia

113 564 322 613 caritatis
349 562 602 628 aliquando
629 563 844 626 incauta,
889 562 975 611 sed
1003 577 1060 611 ea
1099 564 1292 611 crimina
1333 563 1571 626 obiciant,
1616 564 1785 638 quibus

113 633 204 682 nisi
232 647 259 681 a
285 631 383 681 filio
411 631 597 681 absolvi
624 646 719 680 non
735 632 942 696 possim.
947 635 964 659 '
1019 634 1271 681 commotis
1305 634 1384 696 qui
1412 633 1609 682 aderant
1636 621 1784 682 ultro·

111 717 206 767 que
233 702 426 767 spiritus
452 702 553 750 eius
580 700 932 765 mitigantibuS,
945 701 1270 767 conloquium
1307 703 1388 751 lilii
1415 703 1665 767 exposcit,
1705 702 1843 752 ubi25

111 771 225 820 nihil
262 787 351 835 pro
392 772 695 833 innocentia,
738 771 874 836 quasi
901 771 1156 834 diffideret,
1198 787 1291 820 nec
1328 772 1609 835 beneficiiS,
1650 774 1784 836 quasi

110 840 456 905 exprobraret,
499 840 751 903 disseruit,
784 840 869 888 sed
898 841 1124 890 ultionem
1150 843 1196 889 in
1225 841 1543 902 delatoresxet
1574 844 1782 906 praemia

110 911 272 960 amicis
302 910 517 959 obtinuit.

213 979 297 1029 22.
329 979 636 1029 Praefectura
664 993 882 1027 annonae
908 978 1088 1028 Faenio
1116 980 1259 1041 Rufo,
1289 996 1403 1029 cura
1429 981 1672 1042 ludorum,
1706 981 1785 1044 qui

109 1065 138 1100 a
163 1048 373 1099 Caesare
399 1049 703 1114 parabantur,
733 1048 960 1096 Arruntio
988 1049 1189 1112 Stellae,
1218 1049 1473 1115 Aegyptus
1497 1050 1550 1099 C.
1573 1049 1781 1098 Balbillo

110 1119 458 1184 permittuntur.
521 1119 658 1166 Suria
683 1117 734 1165 Ρ.
760 1117 936 1166 Anteio
965 1118 1228 1181 destinata,
1269 1119 1354 1168 sed
1391 1121 1536 1168 variis
1573 1133 1686 1167 mox
1709 1134 1781 1167 ar-

107 1189 234 1238 tibus
261 1188 450 1251 elusuS,
481 1187 537 1236 ad
563 1194 857 1251 postremum
885 1188 932 1235 in
961 1187 1078 1236 urbe
1103 1196 1318 1237 retentus
1345 1197 1434 1237 est.
1475 1197 1522 1238 at
1549 1189 1709 1238 Silana
1736 1190 1783 1236 in

111 1258 303 1307 exilium
330 1265 460 1314 acta;
499 1255 737 1305 Calvisius
769 1271 962 1321 quoque
990 1264 1039 1305 et
1062 1256 1235 1307 Iturius
1265 1258 1569 1321 relegantur;
1595 1258 1654 1307 de
1680 1258 1779 1306 Ati·
1800 1282 1820 1314 5

110 1335 235 1376 meto
265 1326 548 1391 supplicium
575 1334 841 1390 sumptum,
870 1326 1105 1376 validiore
1131 1327 1257 1391 apud
1296 1327 1517 1377 libidines
1549 1328 1781 1393 principis

110 1396 279 1446 Paride
314 1412 451 1460 quam
489 1404 538 1445 ut
578 1410 736 1460 poena
774 1396 1078 1445 adficeretur.
1135 1396 1329 1446 Plautus
1369 1397 1427 1446 ad
1455 1412 1690 1462 praesens
1722 1398 1781 1445 si·

109 1467 257 1515 lentio
286 1467 588 1515 transmissus
620 1473 708 1513 est.

207 1535 290 1585 23.
321 1534 612 1584 Deferuntur
641 1534 814 1583 dehinc
857 1536 1167 1584 consensisse
1204 1536 1362 1585 Pallas
1398 1551 1455 1585 ac
1489 1536 1693 1600 Burrus,
1736 1542 1783 1584 ut

111 1604 365 1654 Cornelius
393 1604 527 1653 Sulla
558 1603 836 1653 claritudine
873 1606 1069 1668 generis
1107 1613 1154 1654 et
1185 1605 1426 1655 adfinitate
1459 1605 1667 1669 Claudii,
1709 1605 1782 1654 cui

107 1689 197 1739 per
239 1675 426 1738 nuptias
462 1674 700 1722 Antoniae
737 1687 891 1737 gener
938 1682 1065 1737 erat,
1113 1674 1173 1723 ad
1217 1676 1466 1739 imperium
1506 1682 1780 1724 vocaretur.

110 1745 211 1793 eius
247 1745 566 1792 accusationis
611 1750 779 1791 auctor
830 1745 984 1792 extitit
1019 1743 1194 1793 Paetus
1231 1745 1444 1809 quidam,
1491 1744 1780 1793 exercendis

108 1811 234 1876 apud
273 1813 506 1861 aerarium
554 1807 853 1861 sectionibus
898 1813 1110 1863 famosus
1155 1821 1202 1862 et
1238 1821 1334 1862 tum
1379 1815 1598 1863 vanitatis
1634 1815 1778 1863 mani·
1802 1836 1821 1868 5

108 1883 276 1931 festuS.
327 1895 419 1930 nec
455 1890 549 1930 tam
584 1889 746 1944 grata·
732 1882 981 1930 ·Pallantis
1019 1884 1293 1932 innocentia
1331 1899 1470 1949 quam
1506 1884 1670 1948 gravis
1699 1898 1772 1931 su·

113 1949 278 2016 perbia
317 1950 428 1999 fuit:
472 1952 653 2015 quippe
698 1951 951 1999 nominatis
996 1951 1211 2000 libertis
1213 1955 1353 2016 eiuS,
1394 1968 1514 2018 quos
1555 1954 1780 2002 conscios

109 2020 327 2082 haberet,
355 2019 605 2084 respondit
629 2019 744 2068 nihil
770 2035 988 2084 umquam
1016 2036 1069 2069 se
1097 2021 1222 2069 domi
1252 2023 1341 2069 nisi
1377 2030 1488 2071 nutu
1526 2030 1605 2071 aut
1641 2037 1779 2071 manu

113 2089 430 2153 significasse,
457 2090 534 2138 vel
567 2091 606 2137 si
631 2090 767 2153 plura
794 2089 1159 2140 demonstranda
1190 2098 1383 2155 essent,
1413 2094 1593 2155 scripto
1629 2106 1777 2154 usum,

109 2174 168 2208 ne
207 2173 377 2207 vocem
417 2159 738 2207 consociaret.
791 2158 968 2207 Burrus
1007 2161 1220 2224 quamvis
1269 2176 1382 2209 reus
1430 2163 1552 2210 inter
1596 2161 1779 2210 iudices
1798 2179 1837 2212 10

109 2230 391 2277 sententiam
429 2228 559 2277 dixit.
618 2228 910 2292 exiliumque
948 2231 1220 2278 accusatori
1256 2231 1525 2294 inrogatum
1563 2238 1610 2279 et
1645 2230 1778 2279 tabu·

109 2298 184 2347 lae
230 2305 430 2346 exustae
476 2305 607 2361 sunt,
663 2297 834 2362 quibus
885 2298 1136 2349 obliterata
1181 2301 1353 2350 aerarii
1394 2302 1583 2350 nomina
1628 2308 1778 2350 retra·

109 2367 266 2416 hebat

213 2436 296 2484 24.
335 2435 456 2485 Fine
492 2437 600 2484 anni
641 2437 784 2486 statio
826 2437 1042 2488 cohortis
1078 2437 1304 2489 adsidere
1342 2437 1466 2489 ludis
1511 2437 1652 2488 solita
1698 2438 1778 2486 de·

109 2512 344 2555 movetur.
371 2519 467 2570 qno
487 2507 640 2555 maior
662 2507 859 2570 species
878 2507 1114 2558 libertatis
1136 2516 1285 2573 esset,
1313 2516 1461 2573 utque
1481 2509 1618 2557 miles
1644 2507 1778 2567 thea-

109 2574 217 2624 trali
252 2542 478 2623 licentiae
511 2589 606 2623 non
644 2577 906 2639 permixtus
942 2578 1267 2642 incorruptior
1305 2585 1475 2641 ageret
1512 2585 1559 2626 et
1604 2571 1777 2642 plebes

111 2644 246 2693 daret
275 2644 671 2709 experimentum,
703 2660 762 2693 an
792 2648 961 2695 amotis
993 2647 1269 2696 custodibus
1295 2647 1575 2696 modestiam
1599 2647 1775 2695 retine·

110 2720 200 2761 ret.
258 2714 424 2762 urbem
452 2715 679 2777 princeps
706 2714 923 2764 lustravit
950 2731 1013 2764 ex
1037 2730 1277 2780 responso
1304 2716 1622 2780 haruspicum,
1651 2701 1777 2780 quod
1800 2735 1820 2766 5

109 2781 240 2830 Iovis
268 2798 325 2831 ac
350 2782 594 2831 Minervae
624 2782 770 2831 aedes
799 2784 858 2832 de
885 2785 1023 2846 caelo
1048 2793 1204 2834 tactae
1233 2793 1382 2834 erant.

212 2851 294 2901 25.
329 2853 387 2914 Q.
414 2853 618 2901 Volusio
646 2852 696 2900 P.
726 2853 955 2918 Scipione
988 2855 1263 2903 consulibus
1290 2857 1434 2902 otium
1462 2854 1604 2917 soris,
1632 2854 1775 2903 foeda

113 2918 238 2967 domi
265 2921 476 2983 lascivia,
509 2937 601 2986 qua
628 2921 759 2970 Nero
787 2924 958 2971 itinera
983 2924 1115 2973 urbis
1145 2931 1191 2973 et
1219 2924 1464 2989 lupanaria
1497 2931 1545 2972 et
1570 2923 1774 2973 deverti-
