1950 3210
583 223 1035 263 COMMENTARIUS
1065 221 1344 261 ORITICUS.
1645 223 1832 261 XXXIX

271 350 363 412 22,
403 362 428 402 1
464 355 624 412 senio,
663 366 748 398 em.
775 354 815 398 L
856 349 864 417 Ι
917 359 944 402 3
969 353 1014 398 P.
1042 352 1212 400 Anteio
1241 354 1302 398 L.-
1334 358 1471 413 pante
1505 354 1555 400 Io
1598 348 1605 417 Ι
1648 355 1731 399 sed
1759 354 1830 399 H.-

131 430 178 470 et
212 418 287 487 (l)
321 418 330 488 Ι
362 432 387 472 5
415 421 618 469 Titurius
656 424 741 468 Wr
765 423 830 467 ad
854 427 933 480 14,
964 427 1039 475 123
1067 437 1106 467 v.
1133 436 1280 481 supra
1310 425 1374 467 ad
1395 437 1435 469 c.
1463 429 1517 473 19

210 494 212 497 ’
271 489 365 552 23,
396 499 423 541 2
448 492 612 539 οιιίμΙίε
639 493 716 552 qui
749 486 756 554 Ι
790 499 842 541 11
872 492 1321 550 auxiliumque,.em.
1343 492 1417 538 Pa
1447 488 1453 555 Ι
1488 498 1543 542 12
1570 492 1830 538 nominaG:

129 563 407 610 monimenta
439 557 447 628 Ι
479 563 776 608 retrahebant

270 628 366 690 24,
402 639 428 681 5
455 646 514 677 ex
535 632 605 676 ed.
638 631 789 690 Spin.-
818 635 864 675 et
895 630 901 690 Ι
936 626 1030 687 25,
1062 635 1090 677 4
1114 628 1384 676 uenditione
1408 629 1492 694 (ad
1518 631 1829 678 venditionem

131 696 220 763 al.)
265 697 271 764 Ι
315 708 371 749 10
404 702 452 746 in
485 701 584 746 JG:
617 701 701 746 .T.
747 695 755 763 Ι
798 705 960 758 captae
997 699 1199 744 civitatis
1233 700 1271 744 L
1297 702 1399 746 mal.
1443 695 1452 765 Ι
1493 702 1730 759 Iuliusque
1770 699 1827 745 0.-

129 771 266 821 iulius
299 769 389 829 que
431 764 438 834 Ι
483 775 537 818 12
565 769 809 828 congressi
854 763 862 832 Ι
905 770 1072 827 quauia
1101 774 1417 828 temptantem,
1445 772 1564 816 unde
1590 770 1684 816 Pu.-
1722 773 1828 830 quia

127 841 219 886 vim
249 839 569 899 temptantem,
594 839 717 898 quod
732 851 854 883 nunc
878 838 1195 896 praeferimus
1227 832 1233 901 Ι
1268 845 1323 887 13
1349 840 1631 899 adagnitum,
1653 843 1793 887 em.R
1820 845 1826 897 Ι

129 910 284 958 l4iam
302 909 418 954 Hm:
445 907 500 956 ati
524 910 594 954 vel
609 905 654 953 tt]
677 905 851 968 (tamen
865 908 1106 959 Petersen‚
1128 913 1277 954 autem
1298 904 1382 968 al.)
1407 902 1413 970 Ι
1440 915 1561 954 metu
1584 911 1762 957 cautior
1781 914 1837 960 H

268 974 364 1037 26,
402 987 427 1027 5
452 979 496 1023 ei
522 978 586 1023 P.-
613 978 632 1022 1
664 971 671 1042 Ι
706 983 732 1026 6
758 976 1038 1023 consultavit
1065 977 1186 1021 inter
1209 978 1301 1022 Hm
1330 974 1455 1038 (cum
1482 979 1577 1032 Bz,
1605 983 1684 1038 qui
1719 996 1830 1029 con-

127 1049 269 1093 suluit
294 1045 537 1108 malebat):
565 1053 612 1092 ut
638 1048 758 1093 inter
783 1045 980 1108 (Wurm
1009 1047 1055 1090 in
1075 1046 1236 1091 Plzilol.
1260 1047 1347 1104 IX,
1371 1052 1426 1096 97
1452 1053 1500 1093 ut
1523 1052 1720 1095 retinens
1745 1055 1828 1098 ad-

125 1118 236 1162 didit
262 1117 489 1164 dubitavit
517 1123 621 1176 post
647 1112 889 1175 diversos)
931 1109 939 1179 Ι
983 1115 1195 1161 diversos
1227 1116 1289 1160 L:
1329 1118 1556 1164 aduersos
1591 1115 1597 1182 Ι
1630 1124 1655 1168 7
1685 1122 1828 1168 liber-

127 1191 264 1232 tatem
297 1187 304 1245 Ι
336 1193 364 1236 8
392 1192 439 1231 ut
463 1201 579 1236 om.;
605 1191 653 1231 ut
677 1187 814 1245 plane
843 1198 992 1243 aequo
1020 1185 1091 1228 Bz
1123 1178 1131 1248 Ι
1164 1192 1219 1233 10
1242 1186 1425 1245 impune
1451 1201 1610 1247 mar90
1635 1190 1827 1250 Gryph„

126 1255 416 1314 impudenter
447 1256 493 1301 0.
521 1257 572 1301 L.
604 1255 726 1300 Roth
758 1251 766 1312 Ι
799 1260 851 1302 11
880 1260 929 1298 ut
955 1255 1254 1299 centesimum
1279 1256 1339 1300 L.-
1386 1257 1653 1304 uicesimum
1683 1267 1829 1306 ortum

125 1337 187 1369 ex
216 1330 263 1369 ut
289 1322 507 1370 cesimum
537 1319 549 1389 Ι
580 1331 633 1374 15
660 1324 868 1370 absecuti
899 1317 908 1388 Ι
944 1328 996 1371 16
1026 1323 1205 1369 detrahi

267 1391 360 1451 27,
398 1399 453 1443 13
474 1395 742 1453 scriptaque
774 1388 782 1457 Ι
816 1398 872 1443 14
896 1406 1035 1439 causa
1069 1387 1075 1454 Ι
1114 1400 1163 1440 15
1192 1394 1447 1452 derogent,
1474 1407 1558 1440 em.
1587 1396 1646 1441 M

264 1458 330 1509 28
345 1496 358 1520 ,
384 1467 412 1510 4
430 1476 520 1508 non
543 1464 804 1522 probavere
835 1463 884 1519 U,
904 1463 1032 1507 cuius
1056 1463 1149 1507 loco
1174 1465 1332 1507 melius
1350 1463 1478 1522 foret
1500 1465 1828 1526 inprobavere,

122 1531 207 1576 sed
238 1545 329 1576 non
355 1534 666 1577 necessariam
709 1525 718 1594 Ι
758 1537 784 1581 9
815 1533 871 1577 ab
897 1531 970 1576 his
1011 1523 1020 1594 Ι
1062 1537 1117 1580 13
1144 1537 1190 1575 et
1215 1532 1345 1577 Helv.
1377 1533 1435 1578 G.-
1473 1547 1530 1578 eo
1557 1536 1680 1581 helu.
1725 1531 1735 1601 Ι
1775 1543 1829 1587 16

126 1606 322 1658 augeret
346 1614 469 1647 corr.
498 1614 560 1646 ex
585 1602 804 1658 auderet,
830 1605 883 1646 ut
906 1600 1083 1646 videtur
1094 1619 1108 1650 ‚·
1143 1606 1308 1658 ageret
1333 1601 1566 1661 RiclclefS,
1596 1609 1645 1649 at
1667 1620 1705 1651 v.
1734 1607 1786 1651 N

265 1665 359 1727 29,
395 1677 419 1718 1
446 1670 620 1716 imitata
655 1665 662 1732 Ι
694 1676 723 1719 8
746 1675 964 1729 praetura
991 1669 1056 1713 P.·
1095 1670 1390 1728 praefectura

265 1735 358 1797 30,
395 1745 422 1786 2
452 1739 634 1785 Cestius
661 1740 727 1784 R.-
755 1744 910 1785 cestus
952 1733 959 1802 Ι
1002 1744 1030 1787 3
1058 1738 1359 1785 Cretensibus
1387 1741 1452 1786 N.-
1490 1744 1788 1792 credentibus
1816 1742 1824 1811 Ι

123 1812 151 1856 6
177 1809 468 1854 damnatione
510 1803 519 1873 Ι
563 1808 780 1854 Caninius
812 1809 1002 1854 Rebilus
1043 1809 1104 1852 L:
1143 1807 1192 1853 G.
1223 1810 1417 1855 aminius
1446 1812 1603 1858 rebius
1649 1811 1656 1876 Ι
1695 1821 1724 1864 8
1750 1831 1827 1861 se-

125 1882 259 1921 necte
287 1878 454 1935 misso,
478 1890 563 1923 em.
590 1877 645 1922 H
668 1873 679 1941 Ι
711 1883 765 1925 12
794 1879 978 1923 fuerunt
999 1877 1119 1923 Hm.-
1156 1878 1242 1922 fuit
1267 1891 1329 1922 ea:
1356 1881 1698 1929 adsimulatione
1725 1899 1826 1931 cum

125 1945 324 2002 malitia,
352 1947 474 2005 quod
492 1958 748 2004 perperam
763 1961 858 2004 pro
882 1949 1153 1992 nominativo
1173 1949 1499 2005 accipiebatur.

265 2012 358 2072 31,
394 2019 421 2063 6
460 2012 694 2060 actissima'
729 2016 838 2060 dare
868 2021 1054 2060 ceterae
1097 2010 1104 2077 Ι
1149 2021 1176 2065 7
1213 2018 1513 2077 quadrigeni,
1549 2034 1632 2065 em.
1663 2023 1699 2066 L
1731 2019 1741 2085 Ι
1777 2030 1827 2073 13

124 2082 169 2127 in
197 2083 439 2144 provincia
473 2083 590 2128 Hm.-
628 2085 674 2129 in
711 2084 955 2143 prouincia
982 2085 1215 2130 obtineret
1249 2083 1353 2146 (qui
1392 2090 1677 2146 provinciam
1705 2093 1827 2137 obti-

123 2157 256 2197 neret
276 2153 320 2197 R

263 2149 356 2279 32),
391 2228 414 2269 1
452 2222 720 2268 securitatis
762 2215 771 2286 Ι
813 2226 840 2265 4
864 2223 1014 2268 Varus
1043 2224 1110 2268 N.-
1137 2224 1295 2287 uarius
1335 2217 1342 2288 Ι
1385 2201 1608 2285 ὂρίεῐίο,
1644 2239 1711 2272 em
1750 2224 1823 2292 L!

124 2304 258 2348 quem
288 2305 455 2337 ovasse
483 2293 540 2337 de
562 2293 635 2337 Br.
664 2291 882 2337 rettuliA
925 2286 932 2356 Ι
974 2293 1205 2338 brittaniis
1247 2287 1254 2356 Ι
1283 2298 1322 2349 ,7
1349 2295 1579 2354 suptionis
1612 2289 1622 2361 Ι
1662 2302 1688 2346 9
1714 2311 1826 2357 pro-

122 2360 347 2406 nuntiavit
382 2360 423 2405 U

262 2425 355 2486 33,
400 2435 427 2476 2
463 2430 607 2475 traxit
641 2431 941 2487 sententiam,
982 2431 1131 2477 donec
1158 2432 1230 2477 Fa
1273 2426 1280 2496 Ι
1321 2438 1347 2482 9
1374 2447 1398 2478 a
1426 2446 1515 2491 quo
1554 2435 1713 2480 lirices
1750 2449 1829 2480 re-

122 2498 309 2556 petebat

262 2564 358 2624 34,
397 2570 417 2609 1
447 2567 532 2612 init
563 2568 571 2626 Ι
604 2574 631 2617 3
656 2569 838 2626 collega
871 2563 878 2631 Ι
911 2572 936 2616 7
966 2569 1144 2614 atherio
1175 2574 1219 2614 et
1249 2575 1277 2619 8
1300 2571 1508 2628 habitas,
1547 2583 1631 2615 em.
1660 2571 1695 2616 L
1726 2567 1735 2635 Ι
1769 2578 1822 2622 11

124 2635 367 2681 resumitur
393 2637 445 2681 H
471 2630 477 2699 Ι
515 2641 564 2685 17
592 2637 694 2681 illut
719 2637 767 2681 N
776 2657 787 2680 .-
818 2637 930 2682 illuc

187 2751 190 2755 ,
261 2702 325 2751 35
342 2739 354 2761 ,
392 2712 420 2754 3
444 2707 771 2751 Romanorum:
808 2712 1063 2751 castrorum
1086 2707 1212 2751 Rom.
1240 2707 1309 2764 N,
1335 2720 1561 2752 armorum
1582 2710 1668 2766 Fr,
1697 2710 1822 2754 Rom.

124 2785 347 2819 armorum
382 2775 477 2828 JG,
510 2776 711 2820 Romano
746 2787 876 2819 more
902 2768 990 2838 ΗΙ
1020 2780 1048 2823 8
1072 2781 1227 2820 sectus
1261 2771 1268 2837 Ι
1301 2781 1327 2824 9
1353 2776 1558 2833 galitiam
1599 2778 1822 2837 cappodi-

95 2829 331 2901 'uiamque
375 2842 382 2900 ι
426 2850 478 2892 15
517 2844 643 2890 fasce
687 2837 695 2906 Ι
736 2847 789 2892 17
818 2839 941 2903 levi]
969 2844 1041 2888 eui
1079 2840 1186 2904 (vin
1213 2842 1288 2904 Η)
1329 2839 1338 2909 Ι
1384 2850 1438 2894 19
1474 2847 1668 2902 duritia,
1700 2846 1823 2904 quod

122 2911 325 2955 nonnulli
346 2916 526 2956 tuentur
551 2918 600 2957 ut
624 2913 864 2957 ablativum
889 2925 1074 2957 causae.
