1976 3224
136 211 234 262 100
564 221 841 261 CORNELII
863 221 1059 261 TACITI
1079 221 1384 259 ANNALIUM
1450 279 1458 284 ἱ

238 349 323 399 49.
358 348 477 397 Fine
510 351 616 398 anni
646 350 889 398 Lutorium
916 350 1126 397 Priscum
1156 349 1366 413 equitem
1389 346 1668 410 Romanum,
1697 356 1808 412 post

136 419 334 469 celebre
367 435 577 482 carmen,
611 423 706 483 quo
729 418 999 468 Germanici
1025 433 1250 483 suprema
1280 416 1575 479 defleverat,
1605 419 1808 482 pecunia

135 490 359 538 donatum
386 504 412 538 a
434 487 669 552 Caesare,
699 490 932 552 corripuit
960 489 1165 549 delator,
1197 486 1448 536 obiectans
1477 501 1627 550 aegro
1647 487 1808 536 Druso

135 557 473 623 composuisse
503 559 651 623 quod,
680 559 721 606 si
751 559 990 607 extinctus
1017 558 1164 620 foret,
1190 558 1372 605 maiore
1401 558 1615 620 praemio
1642 557 1808 620 vulga-

93 636 282 678 5retur.
332 628 379 677 id
415 628 636 678 Lutorius
670 629 717 676 in
755 623 897 677 domo
935 628 984 676 P.
1018 627 1254 689 Petronii,
1293 640 1437 674 socru
1477 627 1580 674 eius
1612 626 1811 676 Vitellia

135 713 297 747 coram
334 699 591 762 multisque
627 697 908 746 inlustribus
945 698 1161 759 feminiS,
1194 711 1286 762 per
1312 696 1716 760 vaniloquentiam
1741 696 1809 744 le·

132 775 286 831 gerat.
352 775 399 815 ut
431 768 622 817 delator
660 769 840 829 extitit,
892 769 1071 816 ceteris
1102 767 1161 816 ad
1197 765 1449 816 dicendum
1489 767 1811 815 testimonium

134 839 404 899 exterritis,
447 838 553 887 sola
585 837 784 887 Vitellia
820 837 936 886 nihil
975 853 1029 885 se
1066 837 1308 886 audivisse
1345 834 1665 885 adseveravit.
1723 834 1811 884 sed

133 907 445 970 arguentibus
489 908 548 956 ad
591 909 857 971 perniciem
895 907 1004 971 plus
1042 907 1154 955 fidei
1189 906 1302 968 fuit,
1346 907 1680 971 sententiaque
1718 905 1809 957 Ha.-

76 991 118 1025 10
134 978 241 1026 terii
266 977 518 1041 Agrippae
548 978 760 1026 consulis
798 977 1036 1040 designati
1075 976 1299 1025 indictum
1332 989 1419 1023 reo
1458 975 1669 1023 ultimum
1699 990 1810 1038 sup-

136 1046 347 1111 plicium.

240 1117 324 1165 50.
365 1114 544 1165 Contra
567 1115 648 1164 M’.
683 1115 894 1180 Lepidus
919 1116 965 1163 in
996 1115 1121 1163 hunc
1146 1115 1339 1164 modum
1367 1129 1572 1163 exorsus
1605 1122 1701 1163 est:
1731 1115 1809 1175 εεἰ,

134 1192 299 1250 patres
339 1187 631 1249 conscripti,
671 1201 813 1234 unum
851 1186 899 1234 id
932 1193 1239 1249 spectamuS,
1288 1199 1428 1248 quam
1464 1185 1649 1234 nefaria
1686 1198 1811 1232 voce

133 1255 372 1303 Lutorius·
396 1255 589 1303 Priscus
624 1264 833 1304 mentem
870 1271 1001 1304 suam
1034 1263 1081 1303 et
1115 1270 1256 1304 aures
1291 1254 1529 1303 hominum
1564 1254 1809 1318 polluerit,

134 1339 293 1388 neque
331 1340 501 1373 carcer
535 1340 694 1389 neque
738 1326 968 1389 laqueuS,
1007 1340 1067 1372 ne
1103 1324 1310 1373 serviles
1344 1325 1536 1389 quidem
1572 1326 1812 1373 cruciatus

98 1396 184 1442 5in
222 1409 329 1442 eum
366 1394 664 1442 suffecerint.
730 1396 802 1442 sin
836 1395 1015 1458 flagitia
1055 1402 1107 1442 et·
1139 1395 1355 1442 facinora
1383 1395 1486 1443 sine
1515 1394 1657 1443 modo
1686 1400 1810 1454 sunt,

138 1463 388 1528 suppliciis
436 1478 495 1512 ac
540 1463 768 1512 remediis
813 1465 1045 1528 principis
1086 1465 1353 1512 moderatio
1394 1465 1724 1529 maiorumque
1766 1470 1814 1510 et

136 1541 299 1582 vestra
327 1534 551 1597 exempla
577 1541 870 1597 temperant,
900 1542 947 1582 et
971 1549 1093 1582 vana
1122 1549 1148 1582 a
1174 1533 1426 1595 scelestiS,
1463 1534 1588 1583 dicta
1614 1549 1640 1583 a
1666 1532 1811 1582 male-

138 1603 258 1651 ficiis
285 1602 526 1666 differunt,
556 1611 630 1651 est
654 1604 792 1652 locus
818 1605 1103 1663 sententiae,
1132 1618 1222 1668 per
1249 1618 1390 1666 quam
1415 1618 1573 1666 neque
1596 1603 1707 1652 huic
1730 1602 1811 1651 de-

137 1672 300 1720 lictum
326 1674 518 1736 impune
555 1675 615 1721 sit
651 1681 698 1722 et
723 1688 812 1722 nos
840 1674 1126 1723 clementiae
1155 1672 1292 1721 simul
1323 1687 1381 1721 ac
1411 1673 1687 1721 severitatis
1718 1685 1813 1720 non

82 1743 397 1806 mpaeniteat.
467 1757 619 1806 saepe
655 1743 813 1791 audivi
857 1744 1124 1807 principem
1160 1749 1375 1790 nost-rum
1415 1749 1811 1806 conquerentem,

137 1812 178 1859 si
210 1812 316 1875 quis
345 1819 533 1875 sumpta
573 1820 731 1860 morte
757 1812 1137 1861 misericordiam
1175 1813 1284 1860 eius
1310 1813 1663 1876 praevenisset.
1715 1811 1813 1859 vita

136 1880 316 1929 Lutorii
351 1882 398 1947 in
434 1882 625 1944 integro
668 1889 768 1944 est,
806 1883 886 1946 qui
922 1897 1079 1946 neque
1109 1889 1329 1930 servatus
1368 1883 1415 1930 in
1441 1881 1709 1946 periculum
1742 1881 1813 1929 rei

137 1950 360 2014 publicae
397 1966 555 2015 neque
588 1951 873 2000 interfectus
908 1953 954 2000 in
981 1952 1255 2015 exemplum
1287 1951 1389 1999 ibit.
1440 1951 1596 2001 studia
1622 1951 1719 2013 illi,
1764 1958 1815 1999 ut
1878 2004 1883 2012 ¹

137 2021 282 2084 plena
322 2021 646 2084 vaecordiae,
702 2023 766 2070 ita
807 2023 962 2070 inania
1003 2029 1051 2070 et
1087 2021 1215 2069 fluxa
1253 2028 1382 2078 sunt;
1427 2036 1521 2070 nec
1558 2023 1813 2085 quicquam

80 2106 121 2138 15
138 2105 289 2153 grave
316 2105 374 2139 ac
402 2092 580 2140 serium
608 2107 669 2139 ex
698 2106 757 2140 eo
784 2100 997 2153 metuaS,
1040 2092 1118 2154 qui
1156 2106 1349 2139 suorum
1385 2093 1492 2155 ipse
1528 2090 1813 2154 flagitiorum

138 2159 357 2223 proditor
377 2176 473 2210 non
488 2162 699 2210 virorum
726 2163 892 2210 animis
915 2161 1000 2210 sed
1021 2161 1409 2210 muliercularum
1429 2161 1632 2225 adrepit.
1674 2159 1815 2208 cedat

136 2237 296 2276 tamen
324 2230 444 2279 urbe
474 2238 521 2279 et
546 2230 685 2279 bonis
714 2233 901 2279 amissis
927 2246 1050 2295 aqua
1077 2238 1125 2279 et
1149 2231 1247 2294 igni
1273 2239 1519 2280 arceatur:
1549 2230 1678 2295 quod
1703 2244 1812 2294 per-

138 2298 250 2346 inde
289 2314 468 2347 censeo
504 2315 562 2348 ac
601 2302 640 2348 si
671 2301 785 2364 lege
812 2301 1075 2349 maiestatis
1101 2304 1387 2349 teneretur)

240 2370 323 2416 51.
363 2369 506 2418 Solus
536 2369 718 2434 Lepido
753 2369 1004 2418 Rubellius
1042 2369 1253 2418 Blandus
1291 2385 1317 2417 e
1358 2369 1693 2418 consularibus
1732 2368 1811 2416 ad·

141 2438 317 2486 sensit:
347 2440 500 2486 ceteri
526 2441 811 2487 sententiam
837 2439 1087 2502 Agrippae
1113 2440 1295 2499 secuti,
1336 2439 1603 2502 ductusque
1629 2439 1677 2485 in
1707 2452 1811 2486 car-

142 2522 303 2555 cerem
340 2507 532 2556 Priscus
572 2524 630 2557 ac
674 2510 830 2557 statim
857 2510 1168 2557 exanimatus·
1217 2508 1264 2556 id
1292 2508 1509 2557 Tiberius
1533 2507 1689 2556 solitis
1722 2506 1813 2555 sibi

141 2576 422 2639 ambagibus
455 2579 581 2641 apud
609 2586 825 2627 senatum
854 2578 1113 2639 incusavit,
1163 2593 1266 2626 cum
1296 2578 1556 2627 extolleret
1584 2578 1813 2641 pietatem

100 2664 120 2695 5
141 2648 354 2709 quamvis
382 2647 596 2697 modicas
624 2649 855 2712 principis
894 2648 1087 2696 iniurias
1127 2648 1305 2696 acriter
1330 2648 1687 2706 ulciscentium,
1730 2646 1810 2694 de-

140 2723 426 2778 precaretur
456 2725 550 2766 tam
577 2719 859 2782 praecipitis
886 2718 1143 2766 verborum
1170 2732 1381 2781 poenas;
1419 2718 1636 2766 laudaret
1671 2716 1810 2779 Lepi-

141 2784 267 2846 dum,
301 2801 459 2849 neque
492 2787 759 2852 Agrippam
787 2795 1033 2851 argueret.
1090 2788 1233 2850 igitur
1272 2787 1449 2836 factum
1477 2793 1670 2835 senatus
1698 2801 1810 2834 con·

140 2853 339 2914 sultam,
382 2870 440 2902 ne
469 2856 666 2906 decreta
694 2865 875 2921 patrum
902 2865 1010 2905 ante
1038 2856 1300 2906 decumum
1325 2857 1446 2905 diem
1478 2857 1536 2904 ad
1577 2856 1811 2904 aerarium

140 2921 444 2971 deferrentur
469 2926 613 2989 idque
641 2927 769 2974 vitae
797 2928 999 2990 spatium
1037 2926 1266 2975 damnatis
1306 2933 1668 2990 prorogaretur.
1724 2926 1811 2975 sed
