1982 3216
197 224 338 262 XXVI
666 222 1118 272 COMMENTARIUS
1159 221 1443 262 CRITICUs.

334 352 429 412 41,
465 359 491 401 2
525 355 698 399 inirent
726 354 772 398 B
815 349 822 418 Ι
866 360 894 403 6
919 355 1163 400 inruerent
1185 354 1241 401 Η
1277 350 1283 417 Ι
1328 355 1560 414 equestris
1598 355 1671 400 R.-
1717 355 1900 416 equites

191 432 289 471 tres
333 420 340 484 Ι
385 429 410 474 7
439 424 650 470 conferta
677 424 746 475 E;
784 423 849 482 cf.
877 423 1093 470 Muetzell
1128 430 1171 470 et
1205 425 1373 484 Zumpt
1403 425 1468 470 ad
1499 425 1625 471 Curi.
1653 425 1762 479 III,
1800 430 1831 472 5
1860 432 1904 472 e!

196 499 254 540 27
290 495 296 554 Ι
330 500 358 543 8
385 494 486 539 acie
513 494 568 538 H
593 490 599 556 Ι
635 500 690 542 10
715 493 897 552 equites
926 494 1002 539 He
1033 487 1041 558 Ι
1068 499 1132 545 16
1162 495 1337 540 sauoim
1754 540 1780 563 0

333 560 428 622 42,
470 570 493 611 1
527 564 668 609 ultum
692 563 748 608 iit
772 563 833 608 L.-
864 564 1012 609 ultimi
1039 565 1087 610 id
1118 558 1128 627 Ι
1158 569 1186 611 2
1213 565 1269 610 ab
1293 565 1364 610 B:
1402 565 1460 610 ad
1490 558 1500 628 Ι
1531 569 1562 613 8
1592 564 1779 610 consilii
1805 565 1903 611 Fa.-

190 634 383 680 consiiit

334 700 427 761 43,
463 707 492 750 4
520 716 710 748 romane
742 696 751 766 Ι
784 709 810 750 5
837 703 942 748 anni
975 697 983 766 Ι
1016 709 1045 753 8
1073 717 1303 763 prospere
1337 698 1344 768 Ι
1379 710 1432 752 11
1459 704 1612 749 omnia
1648 697 1656 769 Ι
1689 710 1741 755 17
1769 706 1904 751 malis

188 773 349 831 Tigri,
375 777 425 818 ut
446 777 514 817 est
537 777 620 831 12,
642 775 708 822 '13
741 770 746 836 Ι
779 778 837 820 20
861 767 1087 819 uitellelis
1122 767 1130 838 Ι
1162 779 1216 823 21
1245 779 1291 819 et
1317 773 1386 818 R.-
1409 779 1457 818 ut
1485 772 1562 835 (ut
1586 775 1707 820 huno
1734 774 1779 819 P.
1810 774 1902 833 avi,

190 847 241 887 ut
274 843 437 888 altoris
461 838 531 902 D)
565 836 572 906 Ι
606 847 662 889 22
690 856 902 902 quaeque
923 843 1074 889 Neue.-
1102 858 1222 903 quae
1254 837 1263 907 Ι
1296 843 1547 901 utrubique

332 910 430 969 44,
468 916 523 960 16
551 913 790 959 damnatus
819 916 891 957 est
917 911 968 957 N
993 907 1001 975 Ι
1036 911 1132 971 45,
1169 919 1194 963 7
1224 918 1302 959 aut
1328 927 1462 959 manu
1486 912 1542 958 H

331 977 428 1039 46,
454 989 479 1031 1
507 981 561 1036 Q.
589 983 659 1026 B.-
693 981 878 1041 quinius
922 975 929 1046 Ι
972 987 1000 1030 4
1023 998 1240 1030 romanos
1273 977 1280 1048 Ι
1324 988 1353 1032 8
1378 982 1560 1042 positus
1593 976 1600 1046 Ι
1634 989 1691 1032 10
1715 983 1901 1042 blaesii,

185 1065 275 1097 em.
300 1053 520 1098 Aurelius
979 1090 981 1092 .

331 1120 427 1179 47,
461 1127 486 1169 1
519 1120 741 1167 Clitarum
779 1122 843 1167 L.-
881 1123 1106 1168 eietarum
1151 1118 1158 1186 Ι
1200 1129 1252 1171 11
1281 1137 1399 1182 quae
1437 1136 1461 1168 a
1488 1122 1602 1167 Mac.
1634 1122 1730 1180 Fa,
1762 1127 1811 1167 ul
1837 1127 1904 1168 est

191 1195 245 1251 3,
275 1195 337 1237 38
362 1195 486 1237 extr.
519 1184 526 1255 Ι
563 1197 618 1240 13
643 1193 921 1239 arcabanum
1834 1205 1838 1208 ’

330 1258 428 1318 48,
468 1267 493 1310 5
532 1256 839 1320 spernunt'ur,
876 1275 963 1307 em.
989 1262 1059 1307 R.-
1101 1267 1382 1321 spernuntur
1406 1262 1589 1320 Parthi,
1625 1261 1712 1308 sed
1750 1262 1828 1308 ubi
1855 1263 1899 1308 d.

199 1332 263 1378 W
300 1326 305 1392 Ι
350 1335 404 1378 12
432 1336 641 1376 materne
684 1337 691 1390 Ι
739 1337 792 1380 13
817 1333 1055 1390 degenere
1099 1327 1105 1395 Ι
1151 1337 1201 1381 17
1231 1332 1280 1378 C.
1311 1332 1513 1392 Tesiph6
1542 1325 1552 1396 Ι
1585 1336 1641 1380 18
1668 1331 1790 1377 diem
1817 1345 1901 1377 ex·

188 1401 282 1447 dim
313 1394 322 1464 Ι
356 1405 410 1450 19
438 1401 610 1446 tiridan

331 1467 426 1528 49,
460 1475 487 1517 2
526 1471 818 1516 dubitatione
854 1485 1014 1517 omnes
1040 1471 1088 1516 F
1124 1466 1132 1536 Ι
1174 1478 1200 1521 5
1236 1474 1346 1519 haut
1379 1470 1444 1517 P.·
1482 1470 1617 1528 haci,
1655 1474 1803 1516 ortum
1839 1483 1902 1524 ex

185 1542 426 1598 scriptura
454 1541 499 1585 in
528 1541 627 1585 cod.
651 1543 827 1599 passim
860 1541 987 1586 obvia
1013 1542 1102 1587 hau

331 1606 426 1667 50,
465 1615 492 1656 2
513 1615 631 1667 tum,
658 1624 743 1658 em.
774 1611 819 1656 R
854 1605 861 1674 Ι
893 1615 918 1659 7
946 1611 1259 1658 aduentabant
1290 1604 1298 1675 Ι
1329 1616 1359 1660 8
1384 1623 1666 1670 percussus,
1701 1621 1786 1654 em.
1818 1608 1863 1655 R
1890 1602 1898 1672 Ι

191 1685 247 1728 13
270 1679 552 1737 abdagaesis
588 1673 594 1743 Ι
630 1686 686 1729 18
711 1681 946 1740 principio
975 1682 1132 1738 agenti

330 1745 425 1806 51,
462 1755 485 1797 1
515 1750 690 1795 adfecit
725 1750 886 1796 Wurm
906 1772 918 1795 .·
960 1751 1143 1809 adficit,
1173 1751 1298 1810 quod
1319 1750 1436 1795 idem
1460 1751 1612 1796 vitium
1637 1754 1704 1794 est
1725 1752 1781 1804 4,
1808 1753 1862 1796 15
1889 1744 1898 1811 Ι

187 1822 216 1866 4.
252 1819 323 1863 in:
371 1832 427 1865 ea
463 1819 564 1864 cod.
599 1821 647 1864 in
680 1816 830 1879 mai-9.
872 1816 1016 1881 (quae
1049 1821 1227 1866 videtur
1263 1820 1488 1865 Beroaldi
1525 1812 1803 1877 eorrectio);
1852 1816 1899 1862 in

191 1887 344 1937 munif-
375 1902 430 1934 ea
461 1886 584 1940 Otto,·
613 1893 663 1934 at
692 1891 819 1935 nulla
853 1903 998 1935 causa
1022 1891 1222 1946 videtur,
1257 1903 1343 1935 cur
1367 1891 1492 1934 lectio
1522 1888 1692 1934 codicis
1720 1887 1779 1932 ab
1803 1887 1899 1933 edi-

188 1958 358 2004 loribus
383 1959 587 2018 meylecta
621 1964 891 2018 spernatur.
937 1953 944 2024 Ι
991 1966 1047 2009 10
1081 1961 1303 2006 rurellius
1346 1954 1352 2022 Ι
1397 1964 1453 2007 12
1483 1958 1614 2004 cuius
1654 1956 1855 2016 quaesiti
1889 1950 1896 2018 Ι

190 2033 245 2077 13
270 2027 493 2074 omiserat
523 2021 532 2093 Ι
567 2034 620 2078 19
649 2034 881 2088 pactoque
908 2030 961 2074 M.
990 2030 1255 2089 patrimonii
1286 2029 1477 2075 uincere

328 2093 424 2155 53,
461 2103 489 2144 2
527 2098 695 2145 laetius
739 2099 747 2158 Ι
791 2105 819 2148 3
854 2099 1037 2145 uxorim
1078 2094 1084 2161 Ι
1125 2104 1154 2147 4
1179 2101 1314 2145 ortho
1358 2092 1366 2163 Ι
1408 2105 1435 2147 5
1463 2097 1684 2154 exilium,
1711 2108 1794 2142 em.
1820 2094 1896 2159 ΝΙ

188 2171 243 2214 12
268 2167 520 2225 praesidiis
548 2182 628 2227 se,
655 2169 776 2214 unde
800 2168 846 2215 D
869 2169 1190 2228 praesidisse;
1218 2184 1259 2215 v.
1285 2169 1348 2214 ad
1375 2175 1424 2225 l,
1448 2174 1507 2216 30

328 2234 423 2293 54,
474 2244 501 2286 5
547 2238 829 2297 periculria,
877 2239 998 2284 unde
1041 2239 1080 2283 L
1115 2239 1325 2297 frustra.-
1371 2237 1580 2297 pericula
1624 2235 1780 2287 varia;
1829 2233 1897 2293 cf.

185 2305 417 2350 lectionem
440 2308 643 2351 similiter
683 2308 983 2365 depravatam
1022 2315 1075 2365 1,
1112 2312 1168 2355 44
1202 2307 1395 2353 donaria
1432 2305 1649 2352 militaria
1692 2298 1702 2367 Ι
1747 2309 1802 2353 18
1839 2305 1895 2350 ab

192 2374 312 2420 Otto:
343 2388 397 2420 ac
430 2368 437 2439 Ι
470 2382 524 2426 19
549 2376 802 2434 gra-sidius,
828 2389 911 2422 em.
934 2377 1178 2422 Reinesius
1211 2371 1217 2440 Ι
1249 2382 1307 2425 20
1326 2377 1599 2436 deportatur
1629 2368 1638 2438 Ι
1670 2379 1726 2422 22
1747 2389 1771 2420 a
1793 2377 1898 2419 ante

186 2443 466 2490 laetantibus
498 2446 538 2491 Α
567 2446 653 2491 del.
1144 2474 1146 2477 -

327 2511 420 2572 55,
460 2520 488 2564 6
524 2520 702 2574 patrum
747 2515 816 2560 R.-
864 2517 1010 2575 patris
1056 2511 1066 2579 Ι
1107 2521 1136 2565 8
1170 2515 1430 2562 miseranda
1466 2514 1724 2560 dissereret
1761 2512 1892 2557 Box—

186 2581 305 2627 horn
338 2578 345 2646 Ι
378 2589 405 2633 9
436 2585 599 2629 ducem

328 2649 422 2711 56,
451 2659 480 2703 3
507 2654 797 2700 manifestum
829 2648 838 2718 Ι
872 2660 927 2704 16
951 2660 1070 2714 sept.
1100 2655 1325 2700 decimum
1352 2653 1437 2699 Ri:
1463 2653 1603 2699 xvn.

326 2721 421 2779 57,
448 2729 477 2772 3
503 2724 755 2770 transierat
778 2725 885 2768 mal.
920 2725 968 2768 E
1004 2718 1012 2784 Ι
1052 2730 1082 2773 8
1106 2724 1361 2769 indicitiam
1393 2717 1400 2786 Ι
1436 2729 1491 2770 10
1522 2721 1761 2781 principes
1795 2713 1804 2783 Ι
1837 2724 1894 2770 12

187 2791 338 2848 quoad
365 2792 431 2848 B,
459 2806 500 2836 v.
527 2793 594 2837 ad
616 2798 667 2850 4,
698 2798 751 2842 61
786 2786 794 2857 Ι
830 2799 882 2842 15
909 2794 1168 2839 intestabili
1195 2792 1391 2843 saevitia
1419 2791 1473 2836 H
1498 2790 1504 2849 Ι
1542 2796 1594 2839 16
1622 2790 1821 2836 obiectis
