1976 3224
222 206 319 258 182
631 218 906 258 CORNELH
935 220 1132 258 'rAcrm
1163 222 1466 259 ANNALIUM

215 347 358 397 modo
394 349 468 396 vis
506 347 782 396 morborum
811 349 965 413 pretia
999 349 1324 412 medentibuS,
1364 351 1436 398 sic
1459 350 1554 398 fori
1584 350 1720 398 tabes
1745 365 1932 414 pecu-x

158 431 201 466 10
218 419 342 467 niam
376 418 627 466 advocatis
662 417 797 467 ferat.
849 420 1174 467 meminissent
1209 419 1389 482 Asinii,
1427 420 1688 469 Messallae
1724 435 1781 469 ac
1816 434 1889 468 re-

218 490 482 537 centiorum
506 487 718 536 Arruntii
757 495 804 536 et
830 487 1110 537 Aesernini:
1149 489 1209 539 ad
1234 504 1412 537 summa
1441 498 1703 554 provectos
1731 491 1888 538 incor-

215 566 353 623 rupta
379 558 477 606 vita
503 565 550 606 et
578 558 814 606 facundia.
867 558 980 607 talia
1005 559 1196 608 dicente
1224 559 1425 608 consule
1453 559 1735 623 designatO,
1775 573 1888 608 con-

216 627 532 676 sentientibus
577 627 708 691 aliis,
747 628 1006 692 parabatur
1045 630 1307 692 sententia,
1359 645 1451 694 qua
1503 629 1617 693 lege
1664 636 1889 695 repetun-

215 698 378 747 darum
405 705 708 760 tenerentur,
738 713 843 746 cum
871 698 1066 747 Suillius
1093 706 1140 748 et
1166 698 1479 749 Cossutianus
1514 708 1561 748 et
1596 701 1772 763 ceteri,
1811 699 1890 762 qui

158 781 200 815 15
214 783 311 817 non
337 768 585 830 iudicium,
624 770 803 833 quippe
829 769 876 817 in
903 769 1211 833 manifestoS,
1242 771 1330 819 sed
1355 785 1561 834 poenam
1588 770 1729 818 statui
1756 769 1887 817 vide-

214 838 345 901 bant,
373 838 728 887 circumsistunt
754 837 1030 901 Caesarem,
1060 847 1168 888 ante
1192 847 1298 890 acta
1325 839 1664 904 deprecantes.

320 907 463 957 7.Et
499 915 755 972 postquam
791 908 973 972 adnuit,
1010 910 1073 958 ita
1113 925 1262 972 agere
1297 910 1552 975 incipiunt:
1591 925 1732 974 quem
1758 908 1890 957 illum

212 986 340 1028 tanta
377 978 605 1043 superbia
641 993 778 1041 esse,
808 986 857 1027 ut
895 980 1222 1028 aeternitatem
1258 980 1412 1029 famae
1451 996 1540 1045 spe
1579 976 1889 1044 praesumat?

212 1050 319 1097 usui
350 1056 397 1096 et
423 1047 566 1096 rebus
594 1047 856 1096 subsidium
884 1051 1192 1114 praeparari,
1222 1065 1282 1097 ne
1308 1051 1414 1114 quis
1440 1051 1601 1114 inopia
1627 1049 1886 1098 advocato-

212 1134 314 1167 rum
340 1116 615 1183 potentibus
651 1117 889 1168 obnoxius
917 1120 991 1167 sit.
1048 1135 1205 1183 neque
1240 1127 1397 1168 tamen
1434 1120 1753 1184 eloquentiam
1778 1134 1887 1182 gra·

173 1190 333 1237 stuito
366 1189 678 1250 contingere:
720 1189 870 1237 omitti
909 1204 1050 1238 curas
1075 1190 1451 1252 familiareS,·ut
1491 1191 1596 1254 quis
1635 1204 1690 1238 se
1717 1189 1887 1238 alienis

211 1259 422 1322 negotiis
451 1257 679 1306 intendat.
728 1259 904 1307 multos
931 1259 1122 1322 militia,
1163 1259 1396 1324 quosdam
1425 1259 1701 1309 exercendo
1741 1273 1888 1321 agros

212 1329 424 1377 tolerare
462 1329 630 1385 vitam;
671 1328 788 1377 nihil
827 1344 852 1377 a
892 1343 1132 1393 quoquam
1173 1331 1365 1394 expeti,
1406 1332 1495 1378 nisi
1536 1331 1670 1378 cuius
1703 1329 1886 1378 fructus

212 1406 321 1447 ante
349 1397 632 1463 providerit.
690 1398 836 1447 facile
860 1398 1077 1447 Asinium
1100 1407 1148 1448 et
1167 1399 1460 1463 Messallam,
1488 1401 1610 1448 inter
1631 1398 1881 1447 Antonium

213 1477 259 1517 et
282 1468 555 1531 'Augustum
582 1468 820 1517 bellorum
848 1470 1073 1533 praemiis
1109 1470 1347 1533 refertOS,
1369 1477 1461 1519 ¹aut
1491 1469 1653 1518 ditium
1686 1467 1885 1517 familia-

95 1552 98 1555 *
153 1548 195 1583 10
215 1554 316 1587 rum
354 1538 564 1588 heredes
590 1538 890 1588 Aeserninos
929 1547 976 1587 et
1013 1539 1268 1588 Arruntios
1307 1555 1528 1603 magnum
1569 1540 1772 1588 animum
1817 1538 1885 1586 in-

210 1609 388 1658 duisse.
441 1617 662 1673 prompta
684 1609 775 1657 sibi
801 1609 1039 1673 exempla,
1071 1610 1256 1673 quantis
1283 1609 1589 1658 mercedibus
1612 1608 1665 1657 Ρ.
1686 1606 1884 1656 Clodius

209 1687 289 1728 aut
317 1677 371 1727 C.
401 1677 545 1727 Curio
575 1679 842 1728 contionari
870 1679 999 1728 soliti
1018 1680 1124 1727 sint.
1173 1694 1226 1726 se
1247 1678 1468 1728 modicos
1503 1684 1774 1739 senatoreS,
1801 1676 1889 1741 qui

209 1750 370 1813 quieta
397 1763 450 1795 re
479 1748 673 1812 publica
699 1749 827 1797 nulla
855 1750 944 1797 nisi
972 1750 1105 1813 pacis
1128 1749 1448 1798 emolumenta
1471 1754 1710 1814 peterent.
1750 1747 1883 1809 cogi-

208 1826 331 1867 taret
357 1817 578 1882 plebem,
612 1833 735 1882 quae
762 1826 880 1882 toga
906 1820 1223 1867 enitesceret:
1254 1818 1456 1867 sublatis
1487 1817 1748 1867 studiorum
1776 1831 1883 1881 pre·

151 1898 190 1932 15
208 1889 285 1936 tiis
327 1889 468 1936 etiam
509 1887 663 1936 studia
703 1889 931 1953 peritura.
981 1895 1031 1938 ut
1067 1890 1219 1936 minus
1255 1888 1437 1938 decora
1471 1887 1621 1951 haec,
1660 1887 1722 1936 ita
1761 1885 1886 1935 baud

207 1959 386 2006 frustra
415 1957 540 2006 dicta
573 1959 804 2022 princeps
834 1967 982 2022 ratuS,
1013 1958 1262 2023 capiendis
1296 1959 1515 2023 pecuniis
1552 1957 1742 2006 modum
1778 1961 1883 2005 sta·

207 2028 304 2077 tuit
327 2043 475 2092 usque
504 2028 562 2076 ad
589 2028 708 2078 dena
735 2030 986 2091 sestertia,
1025 2044 1164 2093 quem
1193 2030 1382 2092 egressi
1417 2027 1788 2093 repetundarum
1813 2033 1882 2075 te·

205 2105 448 2146 nerentur.

305 2167 352 2217 8.
397 2167 494 2218 Sub
529 2168 657 2216 idem
693 2175 881 2233 tempus
916 2167 1244 2231 MithridateS,
1285 2183 1424 2231 quem
1462 2168 1765 2232 imperitasse
1793 2165 1882 2214 Ar-

203 2239 372 2285 meniis
409 2237 654 2303 ius-suque
693 2237 794 2287 Gai
829 2236 1052 2287 Caesaris
1090 2239 1298 2287 vinctum
1333 2237 1619 2300 memoravi,
1659 2243 1883 2284 monente

206 2306 409 2355 Claudio
445 2308 491 2354 in
528 2323 728 2370 regnum
766 2309 1023 2369 remeavit,
1076 2309 1190 2356 fisus
1227 2307 1559 2356 Pharasmanis
1601 2305 1791 2371 opibus.
1842 2307 1882 2354 is

203 2388 293 2425 rex
325 2375 518 2424 Hiberis
555 2377 775 2442 idemque
811 2377 1097 2426 Mithridatis
1134 2379 1283 2425 frater
1323 2376 1565 2425 nuntiabat
1601 2374 1881 2424 discordare

165 2460 185 2493 5
203 2445 408 2495 Parthos
437 2460 712 2510 summaque
737 2448 922 2510 imperii
956 2446 1194 2509 ambigua,
1223 2447 1406 2495 minora
1436 2447 1538 2494 sine
1561 2459 1672 2494 cura
1695 2444 1878 2493 haberi.

203 2531 310 2565 nam
336 2514 569 2565 Gotarzes
606 2517 731 2564 inter
761 2517 995 2581 pleraque
1035 2531 1181 2565 saeva
1212 2516 1333 2580 [qui]
1374 2531 1547 2564 necem
1580 2515 1713 2563 fratri
1739 2514 1880 2563 Arta-

202 2585 328 2635 bano
357 2587 648 2650 coniugique
677 2600 733 2634 ac
763 2586 861 2635 filio
890 2587 991 2633 eius
1022 2593 1293 2649 paraverat,
1324 2586 1446 2634 unde
1477 2592 1628 2633 metus
1657 2583 1801 2648 [eius]
1834 2585 1880 2631 in

205 2663 424 2718 ceterOS‚
467 2663 515 2703 et
552 2657 777 2704 accivere
812 2655 1082 2704 Vardanen.
1140 2655 1252 2717 ille,
1296 2663 1345 2703 ut
1392 2663 1494 2703 erat
1525 2655 1711 2716 magnis
1751 2655 1879 2701 ausis

201 2734 482 2789 promptus,
520 2726 663 2774 biduo
704 2728 794 2774 tria
823 2725 950 2774 milia
988 2725 1248 2774 stadiorum
1273 2725 1451 2773 invadit
1483 2726 1796 2787 ignarumque
1832 2729 1880 2770 et

145 2807 187 2841 10
206 2797 484 2843 exterritum
514 2795 755 2845 Gotarzen
782 2794 1056 2860 proturbat:
1103 2809 1260 2859 neque
1291 2801 1539 2843 cunctatur
1569 2793 1679 2856 quin
1716 2792 1876 2856 proxi-

201 2878 302 2912 mas
333 2865 666 2927 praefecturas
690 2866 937 2930 corripiat,
967 2865 1086 2913 solis
1109 2863 1484 2913 Seleucensibus
1505 2861 1877 2910 dominationem
1930 2899 1934 2903 .

202 2933 304 2981 eins
341 2933 674 2982 abnuentibus.
727 2936 774 2982 in
810 2949 960 2998 quos,
989 2941 1037 2982 ut
1068 2934 1216 2997 patris
1250 2933 1321 2981 sui
1351 2947 1542 2996 quoque
1580 2930 1875 2994 defectoreS,
