1976 3224
209 148 311 199 216
634 157 909 196 CORNELII
949 159 1144 197 TACITI
1169 161 1478 199 ANNALIUM

211 295 318 338 acta
363 293 411 335 et
455 301 515 335 an
550 286 872 335 ulcisceretur
922 287 1177 337 consultat.
1241 290 1406 352 paucis
1453 290 1604 338 decus
1650 291 1896 356 publicum

212 372 372 420 curae,
407 356 574 421 plures
598 363 696 405 tuta
729 350 993 406 disserunt:
1023 371 1164 407 omne
1193 359 1357 407 scelus
1384 366 1635 408 externum
1662 375 1768 409 cum
1793 361 1893 411 lae·

173 429 312 479 stitia
351 426 650 484 habendum3
699 428 880 476 semina
927 429 1070 475 etiam
1119 427 1335 483 odiorum
1382 429 1615 510 iacienda,
1654 438 1706 479 ut
1743 428 1939 496 saepe(

211 498 460 563 principes
498 496 701 547 Romani
739 496 942 546 eandem
967 497 1242 547 Armeniam
1283 500 1454 562 specie
1490 499 1762 563 largitionis
1798 508 1893 550 tur·

211 567 381 616 bandis
406 566 722 616 barbarorum
749 568 917 616 animis
944 567 1282 631 praebuerint:
1311 575 1567 632 poteretur
1590 569 1896 620 Radamistus

210 637 336 687 male
376 637 552 702 partiS,
597 636 704 685 dum
739 637 922 685 invisus
959 637 1176 702 infamiS,
1209 638 1399 703 quando
1437 638 1486 687 id
1520 642 1674 703 magis
1712 655 1774 689 ex
1809 655 1898 690 usu

214 723 353 773 quam
391 707 433 755 si
471 722 577 756 cum
616 707 774 770 gloria
802 706 1004 772 adeptus
1030 707 1174 757 foret.
1219 709 1268 756 in
1294 708 1418 757 hanc
1449 712 1735 759 sententiam
1764 712 1893 759 itum.

155 799 196 832 10
215 793 276 827 ne
308 786 466 837 tamen
503 776 727 826 adnuisse
762 777 967 826 facinori
1006 777 1285 828 viderentur
1319 786 1367 827 et
1394 778 1584 830 diversa
1620 778 1802 835 Caesar
1827 782 1894 829 iu·

213 849 379 911 beret,
418 847 551 896 missi
586 846 646 896 ad
679 846 1034 897 Pharasmanen
1062 849 1238 911 nuntii,
1279 856 1326 896 ut
1351 848 1643 899 abscederet
1669 865 1697 899 a
1723 849 1899 899 finibus

213 919 454 967 Armeniis
485 918 729 981 filiumque
757 916 1075 968 abstraheret.

312 988 396 1037 49.
438 987 557 1036 Erat
588 986 934 1052 Cappadociae
961 995 1253 1052 procurator
1287 988 1436 1037 Iulius
1471 989 1733 1053 Pelignus,
1759 991 1894 1053 igna-

212 1060 289 1107 via
318 1059 458 1106 animi
485 1065 534 1106 et
559 1056 824 1106 deridiculo
853 1059 1078 1122 corporis
1109 1059 1240 1107 iuxta
1262 1058 1619 1123 despiciendus,
1647 1059 1735 1109 sed
1755 1059 1894 1109 Clau-

213 1129 291 1178 dio
337 1142 571 1193 perquam
618 1127 893 1190 familiariS,
949 1143 1055 1176 cum
1097 1129 1311 1193 privatus
1358 1129 1471 1178 olim
1523 1131 1895 1179 conversatione

214 1212 487 1247 scurrarum
522 1199 652 1246 iners
680 1199 826 1246 otium
854 1197 1141 1248 oblectaret.
1187 1200 1228 1247 is
1260 1199 1530 1264 [Pelignus]
1571 1199 1758 1248 auxiliis
1783 1215 1894 1265 pro-

175 1292 195 1324 5
214 1267 488 1317 vincialium
518 1269 778 1316 contractis
804 1275 1044 1332 tamquam
1075 1270 1438 1334 reciperaturus
1458 1267 1760 1334 Armeniam,
1787 1270 1895 1319 dum

216 1339 382 1388 socios
421 1338 575 1401 magis
613 1353 753 1402 quam
790 1338 962 1387 hostes
1002 1339 1287 1403 praedatur,
1338 1339 1573 1389 abscessu
1619 1354 1811 1389 suorum
1849 1347 1898 1389 et

214 1408 566 1457 incursantibus
596 1407 814 1457 barbaris
851 1409 1081 1473 praesidii
1108 1424 1262 1473 egens
1299 1410 1359 1458 ad
1385 1406 1709 1460 Radamistum
1737 1411 1892 1467 venit;

216 1478 454 1542 donisque
482 1480 584 1526 eius
610 1479 798 1528 evictus
822 1478 948 1528 ultro
974 1479 1163 1543 regiu‘m
1189 1482 1379 1543 insigne
1401 1495 1591 1529 sumere
1617 1475 1898 1530 cohortatur

217 1551 519 1613 sumentique
545 1548 682 1597 adest
715 1557 884 1598 auctor
921 1557 968 1598 et
995 1549 1210 1599 satelles.
1263 1550 1392 1614 quod
1419 1550 1499 1599 ubi
1524 1553 1651 1615 turpi
1678 1551 1802 1600 fama
1829 1550 1895 1599 di-

159 1640 199 1674 10
216 1619 490 1682 vulgatum,
521 1634 582 1668 ne
610 1619 760 1667 ceteri
789 1633 982 1684 quoque
1011 1636 1072 1669 ex
1097 1619 1301 1683 Peligno
1337 1621 1752 1680 coniectarentur,
1782 1620 1894 1669 Hel·

220 1688 372 1737 vidius
408 1689 602 1738 Priscus
636 1689 827 1752 legatus
867 1704 973 1737 cum
1012 1690 1208 1753 legione
1243 1690 1466 1752 mittitur,
1507 1690 1653 1738 rebus
1692 1690 1897 1739 turbidis

217 1773 305 1824 pro
342 1766 563 1822 tempore
599 1766 649 1806 ut
690 1758 982 1808 consuleret.
1026 1760 1170 1823 igitur
1196 1774 1413 1826 propere
1450 1768 1661 1809 montem
1689 1760 1893 1810 Taurum

214 1837 551 1891 transgressus
587 1828 920 1878 moderatione
960 1829 1096 1895 plura
1122 1845 1262 1894 quam
1298 1831 1346 1881 vi
1376 1838 1748 1894 composuerat,
1789 1845 1893 1879 cum

215 1897 377 1948 redire
403 1899 449 1947 in
477 1898 662 1947 Suriam
698 1897 915 1962 iubetur,
954 1915 1015 1948 ne
1053 1900 1233 1948 initium
1272 1899 1390 1948 belli
1428 1899 1661 1949 adversus
1689 1900 1898 1950 Parthos

160 1988 201 2022 15
222 1970 469 2018 existeret.

325 2041 406 2090 50.
452 2038 573 2088 Nam
608 2039 891 2103 Vologeses
926 2055 1087 2089 casum
1121 2040 1421 2089 invadendae
1453 2040 1711 2089 Armeniae
1747 2040 1897 2090 obve-

217 2111 349 2158 nisse
374 2116 533 2171 ratuS,
572 2125 710 2173 quam
743 2125 770 2159 a
806 2110 1067 2158 maioribus
1095 2111 1194 2158 suis
1232 2124 1511 2174 possessam
1547 2117 1776 2159 externus
1806 2125 1894 2158 rex

219 2180 401 2242 flagitio
434 2181 702 2244 optineret,
745 2179 982 2229 contrahit
1018 2181 1185 2244 copias
1222 2181 1514 2243 fratremque
1539 2179 1783 2243 Tiridaten
1813 2179 1894 2229 de-

221 2250 397 2298 ducere
434 2250 480 2297 in
520 2264 722 2312 regnum
761 2257 919 2314 parat,
957 2265 1018 2298 ne
1059 2265 1150 2314 qua
1193 2265 1306 2314 pars
1343 2249 1510 2298 domus
1550 2250 1652 2299 sine
1690 2250 1895 2314 imperio

182 2338 201 2370 s
223 2326 407 2381 ageret.
458 2321 649 2367 incessu
675 2319 956 2368 Parthorum
995 2321 1100 2367 sine
1135 2321 1239 2368 acie
1265 2319 1390 2383 pulsi
1417 2319 1611 2382 Hiberi,
1650 2319 1894 2384 urbesque

219 2389 556 2437 Armeniorum
571 2388 807 2437 Artaxata
825 2396 872 2437 et
887 2388 1237 2451 Tigranocerta
1254 2390 1414 2452 iugum
1435 2403 1693 2453 accepere.
1721 2388 1898 2439 deinde

221 2466 361 2508 atrox
395 2458 548 2512 hiems
587 2473 671 2506 seu
702 2473 866 2522 parum
902 2460 1086 2522 provisi
1115 2465 1410 2507 commeatus
1450 2466 1498 2508 et
1536 2466 1642 2508 orta
1678 2474 1740 2508 ex
1764 2466 1893 2507 utro-

222 2544 312 2593 que
335 2527 473 2577 tabes
493 2528 770 2593 perpellunt
786 2527 1074 2590 Vologesen
1106 2530 1325 2578 omittere
1353 2530 1642 2593 praesentia.
1673 2543 1894 2577 vacuam-

222 2614 314 2663 que
339 2614 504 2647 rursus
530 2598 804 2646 Armeniam
830 2597 1135 2647 Radamistus
1162 2598 1356 2661 invasit,
1398 2598 1714 2648 truculentior
1754 2612 1895 2661 quam

164 2688 205 2721 10
224 2676 390 2731 antea,
427 2676 664 2732 tamquam
703 2667 936 2718 adversus
965 2667 1244 2717 defectores
1277 2675 1326 2716 et
1360 2668 1407 2716 in
1439 2676 1661 2732 tempore
1686 2667 1893 2716 rebella·

221 2745 371 2786 turos.
425 2745 567 2802 atque
603 2738 698 2801 illi,
740 2739 956 2802 quamvis
990 2739 1189 2786 servitio
1217 2737 1369 2800 sueti,
1409 2738 1682 2802 patientiam
1708 2737 1899 2786 abrum--

222 2814 338 2871 punt
365 2809 604 2872 armisque
630 2810 812 2870 regiam
840 2809 1233 2857 circumveniunt.

320 2878 403 2925 51.
445 2876 550 2926 Nec
583 2877 709 2926 aliud
743 2877 1021 2926 Radamisto
1071 2878 1332 2926 subsidium
1372 2876 1460 2924 fuit
1500 2889 1637 2939 quam
1688 2875 1900 2940 pernici·
