1976 3224
271 215 367 264 106
693 224 971 263 commun
996 224 1192 262 TACITI
1211 224 1516 262 ANNALIUM

264 355 387 403 vitas
423 353 658 414 VeneriS,
706 353 1136 400 Stratonicensium
1176 351 1306 399 Iovis
1344 358 1390 399 et
1427 350 1618 399 Triviae
1657 351 1941 415 religionem

208 439 247 472 10
264 424 534 474 tuebantur.
613 422 754 470 altius
804 422 1295 470 Hierocaesarienses
1347 434 1654 484 exposuere,
1699 421 1942 470 Persicam

265 494 391 559 apud
418 508 472 541 se
502 491 720 554 Dianam,
748 491 1001 540 delubrum
1027 492 1148 553 rege
1178 489 1307 552 Cyro
1348 491 1581 546 dicatum3
1627 497 1675 538 et
1708 505 1942 539 memora-

263 564 436 612 bantur
470 562 783 625 Perpennae,
822 560 1021 610 Isaurici
1064 560 1307 624 multaque
1347 559 1441 608 alia
1465 561 1824 623 imperatorum
1858 574 1942 607 no·

263 635 415 695 mina,
460 633 539 696 qui
578 645 674 679 non
713 631 855 679 modo
895 630 1078 695 templo
1116 630 1207 691 sed
1246 629 1434 679 duobus
1481 628 1673 678 milibus
1717 644 1945 693 passuum

266 703 467 751 eandem
495 701 797 749 sanctitatem
825 699 1103 750 tribuerant.
1163 700 1289 747 exim
1317 697 1484 762 Cyprii
1522 698 1672 748 tribus
1704 698 1767 748 de
1809 699 1943 747 delu-

208 787 248 819 15
264 773 395 833 briS,
436 771 1046 834 quorum'vetustissimum
1084 769 1297 833 Paphiae
1336 768 1518 816 Veneri
1555 775 1724 817 auctor
1749 768 1942 830 AeriaS,

264 849 376 907 post
404 841 528 888 filius
556 841 658 887 eius
690 839 921 888 Amathus
947 839 1130 888 Veneri
1166 838 1476 887 Amathusiae
1522 846 1569 886 et
1603 837 1707 886 Iovi
1746 837 1942 887 Salami-

263 913 341 960 nio
371 910 579 971 Teucer,
609 909 885 957 Telamonis
915 911 1062 973 patris
1090 909 1158 956 ira
1183 907 1438 972 profugus,
1468 909 1761 971 posuissent.

366 981 449 1030 63.
491 979 697 1027 Auditae
724 979 923 1027 aliarum
953 992 1148 1042 quoque
1176 979 1434 1026 civitatium
1472 978 1760 1040 legationes.
1825 991 1941 1041 quo-

263 1067 366 1099 rum
396 1050 537 1113 copia
564 1048 683 1097 fessi
713 1056 894 1112 patreS,
924 1056 972 1096 et
1001 1049 1110 1112 quia
1137 1047 1306 1096 studiis
1337 1047 1629 1109 certabatur,
1664 1047 1941 1096 consulibus

263 1119 554 1185 permisere,
582 1125 632 1166 ut
657 1125 923 1181 perspecto
952 1119 1084 1180 iure,
1125 1125 1174 1164 et
1210 1118 1250 1165 si
1287 1131 1379 1181 qua
1417 1117 1640 1182 iniquitas
1667 1117 1941 1165 involvere·

263 1198 367 1251 tur,
409 1189 518 1236 rem‘
546 1189 782 1250 integram
816 1203 1003 1235 rursum
1042 1187 1102 1236 ad
1142 1194 1356 1235 senatum
1395 1187 1652 1235 referrent.
1715 1186 1941 1235 consules

225 1275 245 1307 5
266 1274 414 1323 super
441 1273 524 1306 eas
551 1258 790 1319 civitates,
816 1272 933 1320 quas
966 1259 1259 1318 memoravi,
1287 1256 1413 1320 apud
1443 1256 1727 1320 Pergamum
1756 1255 1939 1305 Aescu·

262 1329 378 1392 lapii
425 1335 708 1390 conpertum
751 1327 936 1388 asylum
990 1326 1301 1375 rettulerunt:
1363 1334 1557 1375 ceteros
1607 1325 1828 1374 obscuris
1879 1324 1941 1372 ob

261 1404 554 1446 vetustatem
580 1397 724 1444 initiis
755 1397 854 1444 niti.
911 1412 1018 1445 nam
1060 1395 1356 1456 Zmyrnaeos
1394 1397 1642 1446 oraculum
1680 1395 1941 1459 Apollinis,

265 1468 398 1515 cuius
431 1468 632 1530 imperio
663 1465 973 1515 Stratonicidi
1004 1466 1184 1514 Veneri
1206 1466 1435 1528 templum
1458 1466 1742 1527 dicaverint,
1765 1463 1942 1513 Tenios

264 1537 479 1585 eiusdem
501 1551 694 1584 carmen
719 1536 926 1596 referre,
955 1550 1050 1600 quo
1074 1550 1273 1592 sacrare
1287 1534 1496 1599 Neptuni
1517 1535 1731 1597 effigiem
1750 1534 1940 1582 aedem-

206 1625 247 1656 10
266 1622 358 1671 que
375 1606 492 1654 iussi
507 1607 614 1653 sint.
647 1607 879 1670 propiora
894 1606 1155 1654 Sardianos
1173 1623 1183 1652 :
1198 1604 1463 1653 Alexandri
1477 1605 1674 1653 victoris
1689 1603 1735 1652 id
1748 1603 1938 1651 donum.

263 1690 422 1738 neque
450 1676 601 1723 minus
636 1674 855 1724 Milesios
885 1675 1050 1724 Dareo
1090 1689 1213 1737 rege
1247 1674 1354 1729 niti;
1392 1681 1468 1721 set
1512 1674 1667 1722 cultus
1704 1673 1942 1720 numinum

264 1746 479 1808 utrisque
517 1744 718 1791 Dianam
754 1753 834 1793 aut
867 1744 1144 1806 Apollinem
1184 1743 1465 1791 venerandi.
1526 1750 1697 1807 petere
1737 1749 1784 1790 et
1823 1739 1941 1790 Gre-

262 1822 430 1862 tenses
471 1813 728 1861 simulacro
763 1813 858 1862 divi
898 1812 1122 1876 Augusti.
1192 1813 1419 1876 factaque
1468 1820 1664 1860 senatus
1703 1810 1940 1871 consulta,

265 1884 371 1946 quis
403 1883 550 1930 multo
575 1898 681 1931 cum
707 1882 894 1931 honore
925 1883 1095 1931 modus
1125 1889 1283 1930 tamen
1308 1881 1763 1945 praescribebatur,
1803 1880 1940 1927 iussi-

207 1971 247 2003 15
266 1967 359 2016 que
389 1953 506 2016 ipsis
533 1953 579 1999 in
605 1953 797 2015 templis
825 1953 977 2015 figere
1005 1967 1118 2000 aera
1141 1951 1422 2000 sacrandam
1445 1951 1503 1999 ad
1525 1950 1819 2011 memoriam,
1849 1963 1942 1996 neu

263 2023 433 2086 specie
462 2021 711 2084 religionis
738 2023 784 2070 in
811 2022 1117 2070 ambitionem
1148 2021 1509 2070 delaberentur.

369 2092 450 2140 64.
492 2090 590 2139 Sub
630 2091 757 2140 idem
804 2100 992 2154 tempus
1031 2090 1181 2139 Iuliae
1224 2090 1472 2153 Augustae
1516 2089 1744 2138 valetudo
1802 2095 1941 2136 atrox

262 2160 671 2209 necessitudinem
698 2161 903 2224 principi
930 2161 1047 2208 fecit
1072 2159 1283 2208 festinati
1308 2161 1354 2207 in
1385 2159 1552 2207 urbem
1594 2158 1804 2220 reditus,
1848 2157 1939 2204 sin·

265 2245 378 2278 cera
416 2230 572 2279 adhuc
607 2232 732 2279 inter
768 2238 966 2279 matrem
1003 2230 1246 2293 filiumque
1285 2228 1545 2277 concordia
1586 2230 1688 2277 sive
1735 2226 1939 2275 occultis

265 2299 403 2346 odiis.
458 2314 617 2361 neque
653 2300 776 2347 enim
804 2299 952 2347 multo
981 2306 1109 2358 ante,
1139 2314 1244 2347 cum
1263 2298 1387 2346 haud
1409 2298 1582 2362 procul
1604 2298 1793 2346 theatro
1815 2295 1938 2344 Mar·

223 2386 243 2417 5
266 2367 378 2415 celli
410 2367 623 2429 effigiem
656 2369 767 2416 divo
797 2367 1017 2430 Augusto
1048 2367 1167 2415 Iulia
1195 2368 1407 2429 dicaret,
1445 2365 1610 2414 Tiberi
1643 2379 1817 2414 nomen
1852 2378 1938 2412 suo

262 2438 675 2501 postscripserat,
722 2437 865 2500 idque
906 2437 988 2484 ille
1028 2435 1319 2484 credebatur
1362 2443 1411 2483 ut
1449 2435 1648 2483 inferius
1688 2435 1937 2482 maiestate

262 2507 494 2570 principis
523 2507 658 2569 gravi
687 2514 735 2555 et
764 2506 1061 2554 dissimulata
1101 2505 1371 2553 offensione
1408 2504 1667 2553 abdidisse.
1733 2511 1809 2552 set
1842 2511 1938 2551 tum

263 2577 504 2639 supplicia
543 2576 616 2624 dis
655 2575 851 2639 ludique
895 2576 1053 2638 magni
1095 2574 1154 2623 ab
1201 2581 1367 2623 senatu
1417 2574 1764 2633 decernuntur,
1813 2586 1936 2636 quos

265 2646 521 2708 pontifices
557 2654 604 2694 et
640 2660 848 2708 augures
884 2652 931 2693 et
962 2644 1324 2708 quindecimviri
1361 2643 1666 2708 septemviris
1713 2643 1850 2691 simul
1890 2650 1937 2690 et

204 2732 246 2764 10
264 2714 509 2763 sodalibus
540 2714 885 2778 Augustalibus
925 2715 1144 2762 ederent.
1219 2721 1476 2762 censuerat
1514 2712 1561 2760 L.
1599 2711 1846 2775 Apronius
1885 2718 1935 2759 ut

226 2783 453 2832 *fetiales
490 2799 684 2848 quoque
721 2785 777 2832 iis
814 2784 939 2833 ludis
977 2784 1327 2847 praesiderent.
1388 2790 1553 2831 contra
1586 2781 1703 2830 dixit
1733 2779 1931 2841 Caesar,

265 2852 489 2901 distincto
513 2854 899 2902 sacerdotiorum
922 2854 1022 2901 iure
1047 2861 1094 2900 et
1108 2854 1330 2915 repetitis
1353 2851 1614 2914 exemplis:
1638 2866 1795 2914 neque
1810 2851 1934 2899 enim

260 2935 480 2984 umquam
520 2922 763 2970 fetialibus
804 2922 899 2970 hoc
935 2922 1197 2970 maiestatis
1243 2921 1413 2969 fuisse.
1481 2919 1590 2968 ideo
1635 2918 1931 2983 Augustales
