1976 3224
619 191 733 229 ΜΒ.
756 192 838 228 111.
871 191 995 230 CAP.
1018 190 1217 233 43—-48.
1719 180 1786 230 99

120 320 344 371 cumfudit
369 334 521 384 eques
547 318 849 383 frontemque
877 320 1066 383 pedites
1106 320 1353 372 invasere3
1391 332 1483 366 nec
1521 325 1791 366 cunctatum

118 391 242 455 apud
278 390 446 438 latera.
499 388 687 452 paulum
725 404 888 437 morae
921 388 1124 437 attulere
1151 387 1316 435 ferrati
1354 388 1645 436 restantibus
1674 387 1789 436 lam-

117 461 254 509 minis
279 459 532 507 adversum
557 458 653 521 pila
683 466 730 507 et
757 458 971 520 gladios;
1006 465 1082 505 set
1104 457 1242 504 miles
1271 458 1510 520 correptis
1533 456 1791 506 securibus

119 538 168 579 et
194 527 431 590 dolabris,
473 534 523 574 ut
559 528 598 575 si
637 543 817 575 murum
844 534 1209 592 perrumperet,
1249 526 1456 574 caedere
1494 528 1704 590 tegmina
1742 534 1792 574 et

119 612 350 662 corpora;
391 596 580 660 quidam
607 597 822 645 trudibus
850 605 928 645 aut
954 597 1103 645 furcis
1132 598 1334 643 inertem
1364 596 1541 645 molem
1571 603 1787 660 proster·
1806 607 1848 639 15

118 683 254 729 nere,
280 668 595 729 iacentesque
620 666 753 715 nullo
781 666 837 714 ad
865 666 1216 729 resurgendum
1246 666 1350 712 nisu
1379 667 1516 730 quasi
1543 667 1790 714 exanimes

116 736 465 801 linquebantur.
521 736 749 784 Sacrovir
776 737 928 799 primo
957 735 1384 798 Augustodunum,
1412 735 1523 783 dein
1550 743 1678 784 metu
1705 735 1789 783 de-

116 807 307 856 ditionis
342 806 388 853 in
415 804 577 852 villam
602 806 918 869 propinquam
946 821 1050 853 cum
1078 805 1318 853 fidissimis
1353 806 1529 868 pergit.
1577 805 1678 853 illic
1703 819 1790 853 sua

114 891 268 937 manu,
294 874 466 938 reliqui
492 875 664 922 mutuis
690 874 862 922 ictibus
885 875 1139 923 occidere:
1167 875 1365 922 incensa
1387 889 1534 938 super
1553 874 1668 922 villa
1689 887 1788 922 om-

114 960 201 995 nes
230 944 475 994 cremavit.
1805 951 1848 984 20

216 1016 302 1064 47.
334 1013 452 1063 Tum
478 1014 664 1061 demum
689 1013 910 1061 Tiberius
944 1021 1097 1061 ortum
1126 1020 1459 1077 patratumque
1499 1013 1680 1061 bellum
1713 1028 1788 1061 se-

115 1092 227 1133 natu
252 1084 470 1147 scripsit;
510 1093 668 1146 neque
709 1083 915 1146 dempsit
951 1090 1030 1131 aut
1066 1082 1244 1131 addidit
1279 1096 1430 1144 ver0‚
1472 1082 1559 1131 sed
1598 1082 1693 1131 fide
1733 1097 1792 1132 ac

115 1155 290 1202 virtute
328 1152 545 1215 legatOS,
584 1167 638 1200 se
671 1152 889 1200 consiliis
925 1153 1243 1216 superfuisse.
1295 1152 1434 1200 simul
1464 1167 1664 1215 causaS,
1707 1167 1792 1201 cur

116 1237 211 1271 non
235 1223 371 1286 ipse,
400 1235 493 1270 non
519 1220 704 1269 Drusus
733 1221 946 1285 profecti
974 1222 1032 1270 ad
1060 1222 1105 1269 id
1133 1220 1313 1269 bellum
1339 1221 1526 1284 forent,
1559 1221 1790 1284 adiunxit,

115 1291 484 1354 magnitudinem
510 1291 697 1354 imperii
725 1290 985 1353 extollens,
1027 1306 1186 1354 neque
1213 1291 1443 1339 deodrum
1471 1291 1788 1355 principibus,
1809 1301 1829 1333 5

117 1363 157 1411 si
194 1375 286 1408 una
319 1361 535 1409 alterave
565 1361 735 1409 civitas
766 1360 954 1423 turbet,
991 1361 1168 1408 omissa
1193 1360 1340 1422 urbe,
1384 1361 1510 1408 unde
1546 1362 1593 1408 in
1635 1361 1793 1409 omnia

114 1431 360 1493 regimen,
389 1433 414 1462 *
434 1429 458 1460 *
485 1445 608 1478 nunc
639 1431 747 1494 quia
782 1444 876 1478 non
911 1438 1039 1478 metu
1076 1430 1303 1490 ducatur,
1336 1432 1534 1490 iturum,
1577 1437 1627 1477 ut
1651 1444 1791 1493 prae-

115 1501 268 1548 sentia
305 1506 553 1563 spectaret
587 1507 1014 1564 componeretque.
1066 1499 1335 1547 decrevere
1363 1507 1529 1563 patres
1560 1507 1674 1548 vota
1700 1512 1791 1563 pro

114 1569 270 1618 reditu
297 1570 398 1617 eius
426 1568 906 1633 supplicationesque
935 1577 980 1617 et
1012 1569 1104 1618 alia
1126 1569 1323 1617 decora.
1374 1569 1508 1617 solus
1530 1567 1793 1617 Dolabella

117 1636 400 1701 Cornelius,
433 1637 541 1686 dum
567 1639 751 1687 anteire
782 1646 975 1687 ceteros
1002 1645 1167 1702 parat,
1200 1637 1454 1687 absurdam
1484 1638 1531 1686 in
1556 1638 1788 1687 adulatio·
1807 1647 1848 1680 1⁰

114 1723 224 1757 nem
242 1722 555 1772 progreSS11S‚
584 1710 770 1757 censuit
790 1717 839 1756 ut
860 1723 1010 1757 ovans
1033 1723 1060 1756 e
1083 1706 1342 1771 Campania
1363 1708 1532 1756 urbem
1551 1708 1788 1756 introiret.

116 1778 260 1840 igitur
295 1785 494 1826 secutae
522 1776 746 1827 Caesaris
787 1774 985 1840 litei-ae,
1023 1777 1195 1841 quibus
1234 1793 1289 1826 se
1327 1793 1423 1826 non
1459 1786 1552 1826 tam
1588 1793 1791 1826 vacuum

115 1846 272 1910 gloria
297 1847 638 1910 praedicabat,
676 1855 727 1895 ut
756 1855 868 1912 post
899 1848 1228 1896 ferocissimas
1265 1855 1439 1910 gentes
1472 1847 1790 1910 perdomitaS,

115 1922 187 1964 tot
211 1922 443 1979 receptos
471 1917 518 1964 iu
542 1917 734 1964 iuventa
760 1924 838 1965 aut
862 1924 1059 1980 spretos
1083 1917 1368 1980 triumphos,
1398 1918 1489 1964 iam
1515 1917 1680 1965 senior
1705 1932 1789 1981 pe-

115 1985 452 2048 regrinationis
480 1984 786 2034 suburbanae
812 1987 953 2034 inane
977 1987 1240 2050 praemium
1267 1994 1475 2049 peteret.
1807 1994 1850 2028 15

212 2054 297 2104 48.
340 2054 438 2103 Sub
467 2055 831 2119 idem-tempuS,
870 2062 920 2103 ut
951 2070 1081 2104 mors
1119 2054 1321 2119 Sulpicii
1360 2054 1544 2114 Quirini
1582 2054 1790 2118 publicis

117 2124 364 2188 exsequiis
398 2123 813 2188 frequentaretur,
849 2126 1018 2188 petivit
1052 2140 1078 2173 a
1111 2132 1295 2172 senatu.
1347 2124 1462 2172 nihil
1490 2124 1548 2172 ad
1573 2132 1791 2172 veterem

118 2201 165 2243 et
194 2194 439 2258 patriciam
468 2194 789 2258 Sulpiciorum
824 2195 1049 2243 familiam
1085 2193 1327 2254 Quirinius
1364 2194 1618 2256 pertinuit,
1657 2202 1790 2243 ortus

117 2263 242 2327 apud
270 2264 573 2328 municipium
597 2263 882 2313 Lanuvium:
921 2265 1008 2313 sed
1049 2264 1256 2327 impiger
1293 2263 1489 2311 militiae
1526 2271 1573 2312 et
1599 2264 1789 2312 acribus

114 2333 388 2381 ministeriis
415 2333 713 2383 consulatum
739 2333 828 2382 sub
857 2334 967 2383 divo
987 2333 1227 2396 AugustO,
1257 2347 1369 2381 mox
1391 2335 1680 2397 expugnatis
1703 2349 1791 2398 per
1811 2341 1832 2372 5

118 2399 331 2451 Ciliciam
356 2402 790 2451 Homonadensium
827 2403 1040 2452 castellis
1073 2403 1275 2466 insignia
1303 2403 1527 2465 triumphi
1566 2402 1788 2464 adeptus,

116 2470 350 2536 datusque
388 2480 551 2520 rector
582 2471 698 2520 Gaio
729 2470 927 2522 Caesari
964 2473 1238 2521 Armeniam
1275 2472 1510 2535 optinenti
1546 2470 1790 2518 Tiberium

117 2554 310 2605 quoque
338 2540 494 2589 Rhodi
521 2548 743 2603 agentem
774 2542 1006 2591 coluerat.
1056 2542 1185 2605 quod
1221 2549 1332 2589 tunc
1361 2539 1594 2603 patefecit
1630 2541 1676 2586 in
1710 2555 1787 2587 se-

116 2617 242 2673 natu,
272 2610 474 2677 laudatis
502 2611 548 2658 in
574 2625 628 2658 se
657 2609 830 2658 officiis
858 2619 906 2660 et
931 2613 1147 2659 incusato
1171 2610 1232 2657 M.
1255 2609 1431 2669 Lollio,
1460 2623 1602 2671 quem
1623 2616 1786 2657 aucto-

117 2693 217 2726 rem
255 2678 372 2729 Gaio
403 2677 601 2728 Caesari
638 2681 885 2742 pravitatis
925 2687 973 2728 et
1006 2673 1355 2727 discordiarum
1397 2678 1646 2739 arguebat.
1695 2679 1783 2728 sed
1806 2687 1847 2720 10

120 2750 295 2796 ceteris
333 2749 458 2798 haud
497 2749 622 2797 laeta
659 2749 888 2797 memoria
921 2748 1103 2808 Quirini
1131 2754 1231 2795 erat
1259 2746 1319 2796 ob
1353 2747 1561 2808 intenta,
1604 2754 1653 2795 ut
1686 2762 1785 2796 me-

118 2819 326 2881 moravi,
360 2818 570 2883 Lepidae
606 2818 823 2881 pericula
860 2817 1198 2879 sordidamque
1236 2823 1283 2864 et
1311 2823 1678 2880 praepotentem
1710 2832 1785 2864 se-

119 2892 318 2935 nectam.

1522 2956 1588 3001 7*
