1950 3210
124 194 310 233 XXXVI
598 188 1053 230 COMMENTARIUS
1087 187 1364 228 CRITICUS.

122 325 169 372 A*
197 321 206 389 Ι
236 331 262 375 7
292 340 348 370 ne
378 339 524 371 vacua
551 324 605 369 H
630 318 636 386 Ι
673 328 727 370 12
752 323 1064 379 montiumque
1090 321 1302 366 Heraeus
1327 318 1484 382 (Stud.
1510 327 1609 370 crit.
1633 325 1669 381 Ι,
1697 321 1830 385 172);

123 396 343 443 montium
369 393 450 456 (ac
471 394 689 439 montium
715 389 803 452 al.)
838 389 843 451 Ι
881 396 933 439 16
957 390 1260 450 praesidere,
1287 403 1371 435 em.
1402 391 1452 450 L,
1478 407 1519 439 v.
1546 393 1611 438 ad
1635 399 1685 452 1,
1713 399 1770 443 30

264 463 361 522 57,
396 471 423 514 3
447 478 503 510 eo
532 476 622 521 quo
656 457 664 526 Ι
696 467 725 511 8
751 461 1005 507 exterritos
1032 460 1107 510 H;
1145 475 1185 506 v.
1216 460 1359 519 Nipp.
1624 462 1630 479 '

263 532 360 592 58,
398 542 422 584 1
457 532 646 579 Haterio
677 532 741 582 L‚·
779 531 963 578 anterio
996 524 1003 594 Ι
1037 535 1064 579 3
1093 535 1139 574 et
1163 543 1249 575 om·
1271 531 1410 588 prob.
1446 531 1511 577 W
1532 533 1562 577 l.
1589 545 1631 578 c.
1657 546 1707 590 p.
1735 535 1798 579 30
1823 527 1830 596 Ι

122 611 148 653 5
175 607 416 652 veraincl.
443 604 539 655 He,
569 607 730 648 vetera
756 603 843 657 aL,
872 614 1033 646 verum
1059 597 1162 661 (=.
1182 597 1293 660 sed)
1319 602 1379 648 al.

263 673 360 732 59,
393 679 419 724 7
451 673 644 731 indigna
683 676 864 728 sortes,
900 683 984 715 em.
1012 669 1157 715 Jacob
1169 689 1183 722 ;
1218 670 1408 728 indigna
1448 671 1593 718 sortis
1624 672 1721 726 Bz,
1764 672 1835 716 in-

120 745 286 804 dignas
313 749 438 790 artes
464 743 526 788 R.
550 741 754 801 Seyffert

260 812 354 872 60,
399 819 427 861 2
467 813 801 868 iudicaturum,
849 823 932 856 em.
968 809 1012 855 R
1057 802 1070 875 Ι
1119 815 1147 859 3
1180 810 1398 869 prolapsa
1435 810 1489 855 H
1533 811 1540 868 Ι
1588 817 1615 860 5
1653 811 1834 869 equites

119 886 327 931 illustres
353 884 441 929 Ad.
471 881 675 928 Schmidt
699 881 750 926 Z.
777 880 818 939 f.
842 879 1160 927 Gesckichtsm.
1191 884 1303 929 1848
1321 893 1435 938 pay.
1463 884 1547 929 451
1582 878 1591 942 Ι
1623 885 1651 929 6
1677 893 1836 926 eorum

118 956 266 1014 prode
318 949 323 1017 Ι
379 958 436 1002 14
475 967 593 1011 quae
623 952 864 998 evicerant
888 950 957 1003 H,
989 955 1039 995 ut
1072 951 1217 994 locum
1254 949 1306 994 N
1333 950 1569 1009 ιἠτεῖῖθρίί,
1607 951 1684 996 cui
1717 963 1835 1008 quae

115 1027 408 1070 accusativus
433 1023 611 1069 videtur
643 1016 650 1084 Ι
686 1026 740 1071 16
765 1021 963 1067 mathios
1419 1033 1422 1035 “

259 1092 353 1152 61,
391 1099 420 1141 2
446 1093 607 1151 argios
642 1088 649 1154 Ι
683 1096 714 1144 2,
739 1090 911 1136 Coeum
938 1088 1042 1135 Mr:
1078 1103 1179 1154 eum
1211 1082 1218 1153 Ι
1253 1096 1309 1137 10
1332 1090 1611 1147 haberetur,
1647 1101 1731 1135 em.
1757 1088 1796 1134 L
1825 1084 1833 1154 Ι

119 1171 170 1213 11
198 1165 432 1224 potuisset
455 1162 731 1208 tradidisset
755 1160 995 1217 claudius,
1026 1171 1110 1205 em.
1133 1158 1179 1204 R

259 1232 354 1291 62,
393 1240 416 1281 1
454 1231 672 1278 bizantiis
717 1225 724 1295 Ι
767 1235 795 1277 2
830 1229 1127 1290 repetivere,
1165 1229 1263 1275 orsi
1309 1230 1437 1288 vulyo
1478 1230 1831 1289 interpunyitur,

115 1318 240 1350 corr.
267 1304 308 1349 A
342 1300 347 1366 Ι
381 1309 409 1353 3
435 1304 671 1359 iecerant,
698 1300 762 1360 cf.
794 1305 850 1358 4,
876 1306 959 1357 55,
983 1300 1075 1344 nisi
1096 1301 1249 1357 potius
1276 1299 1487 1344 fecerant
1511 1299 1832 1358 corrigendum

115 1379 182 1419 est
212 1368 220 1437 Ι
253 1379 280 1423 6
305 1373 677 1430 memorabantq3
719 1384 865 1429 quae,
893 1382 978 1414 em.
1005 1369 1047 1414 A
1136 1399 1138 1401 -

259 1440 353 1501 63,
387 1447 416 1489 2
443 1455 676 1500 europae,
701 1453 786 1485 em.
808 1439 852 1485 R
887 1433 894 1502 Ι
927 1445 955 1487 4
981 1451 1227 1484 caecorum
1251 1437 1322 1483 R.-
1350 1452 1629 1497 grae-corum
1663 1435 1670 1500 Ι
1702 1444 1729 1488 6
1754 1450 1837 1497 pa-

116 1528 214 1560 rum
238 1514 339 1560 visa
367 1513 406 1558 L
432 1512 540 1556 mal.
588 1510 595 1565 Ι
636 1516 666 1559 8
699 1510 908 1556 inmensa
934 1509 1156 1567 Ruperti.-
1194 1508 1241 1553 in
1269 1513 1389 1554 meta
1423 1504 1430 1572 Ι
1464 1509 1608 1555 Ponto
1637 1509 1702 1554 Ri

257 1580 350 1640 64,
392 1590 414 1632 1
446 1583 502 1627 M.
538 1577 708 1628 Asinio
744 1579 1042 1625 Vertranius:
1080 1577 1312 1624 masilinio
1346 1572 1353 1642 Ι
1387 1579 1601 1636 macilio,
1637 1591 1721 1625 em.
1750 1578 1797 1624 Ε
1828 1572 1835 1639 Ι

114 1660 142 1702 4
168 1659 359 1713 paratus
394 1646 402 1716 Ι
436 1660 461 1700 5
501 1652 723 1697 ediditum
754 1643 762 1713 Ι
795 1654 821 1699 7
851 1649 993 1695 aelidi
1027 1644 1035 1711 Ι
1070 1654 1123 1696 11
1151 1647 1350 1694 Domitia
1386 1648 1652 1709 LepidaP:
1690 1648 1837 1695 domi-

115 1724 228 1769 tiale
264 1718 269 1784 Ι
304 1737 393 1781 qua
426 1721 434 1782 Ι
471 1727 525 1769 13
550 1721 703 1780 prior:
737 1720 934 1779 propior
971 1719 1245 1764 Vertranius

258 1789 324 1839 65
341 1827 354 1850 ,
391 1798 422 1842 8
445 1805 587 1851 pares
616 1824 626 1834 .
651 1823 660 1833 .
690 1803 856 1835 causas
884 1803 991 1835 esse
1016 1793 1059 1833 et
1086 1787 1248 1834 deinde
1275 1787 1388 1834 Brit.
1418 1801 1701 1834 successore
1729 1789 1835 1833 incl.

121 1862 184 1913 N‚·
208 1862 248 1908 si
274 1862 396 1908 Nero
419 1896 429 1906 .
455 1897 466 1909 .
489 1860 700 1906 meritum
729 1864 775 1906 at
800 1859 888 1904 del.
909 1859 975 1909 F‚·
998 1870 1082 1903 nos
1107 1859 1252 1903 locum
1278 1856 1384 1916 fere
1409 1857 1701 1916 desperatum
1729 1858 1836 1903 reli-

113 1934 320 1992 quimur,
358 1935 408 1976 ut
434 1931 561 1976 lectio
586 1932 633 1974 in
660 1929 786 1975 Med.
815 1930 984 1974 tradita
1011 1932 1092 1973 est.
1126 1925 1133 1990 Ι
1177 1932 1204 1976 9
1230 1940 1512 1973 successore
1539 1928 1724 1973 demoto
1750 1929 1835 1972 ali-

113 2003 295 2061 quando
323 2003 632 2060 cogitaveram
673 1995 679 2062 Ι
729 2005 783 2046 10
815 1999 990 2044 nullum
1026 2012 1097 2058 pr.
1135 2003 1299 2043 metum
1340 1997 1622 2053 Ferrarius,
1666 1997 1839 2043 nullum

116 2086 141 2117 e
174 2072 388 2132 principe
416 2075 585 2117 metum
608 2069 650 2115 A
692 2066 699 2133 Ι
744 2075 799 2118 10
829 2073 876 2115 at
902 2069 967 2114 P.-
1000 2068 1059 2115 ad
1091 2066 1098 2127 Ι
1134 2073 1188 2115 14
1212 2067 1377 2112 haberi
1406 2066 1613 2120 GrotiuS,
1652 2071 1694 2111 et
1723 2078 1838 2112 sane

113 2142 283 2187 durum
326 2142 507 2187 videtur
547 2154 646 2186 eam
693 2140 757 2184 ad
800 2140 976 2185 habere
1015 2138 1232 2197 supplere
1245 2156 1258 2187 ;
1293 2136 1357 2194 cf.
1395 2138 1529 2181 etiam
1583 2135 1748 2181 Wurm
1789 2138 1838 2181 in

114 2211 277 2256 Philol.
307 2211 368 2256 IX
386 2246 399 2268 ,
427 2217 498 2260 95.

257 2278 351 2336 67,
391 2285 417 2326 2
454 2279 614 2325 boleto
653 2279 750 2324 JG:
786 2279 882 2324 leto
924 2276 1214 2338 (boletorum
1238 2271 1328 2335 al.)
1362 2274 1371 2333 Ι
1411 2279 1438 2322 4
1470 2273 1652 2320 Claudii
1680 2289 1737 2322 an
1761 2274 1829 2320 R.-

114 2364 170 2396 an
197 2350 370 2396 claudii
396 2350 442 2394 ui
472 2362 527 2395 an
555 2346 639 2409 (an
661 2347 844 2394 Claudii
868 2344 965 2407 Pa)
997 2341 1005 2411 Ι
1039 2353 1067 2396 8
1092 2346 1312 2392 adiuuare

253 2415 351 2476 68,
389 2424 417 2468 3
452 2417 669 2465 tementis
695 2417 770 2462 Bz
812 2410 820 2482 Ι
865 2430 981 2476 quae
1007 2430 1123 2467 om.;
1162 2416 1268 2461 dum
1293 2428 1370 2461 res
1398 2413 1620 2460 firmando
1646 2414 1708 2459 al.
1754 2413 1761 2471 Ι
1806 2420 1831 2462 5

113 2490 280 2536 dolore
318 2488 472 2546 uicta,
514 2499 597 2533 em.
635 2487 707 2539 H,·
746 2486 812 2545 cf.
848 2491 1243 2544 4,57;12,25;
1284 2490 1366 2542 15,
1393 2488 1475 2537 64;
1514 2483 1579 2529 H.
1609 2488 1664 2541 2,
1693 2487 1750 2532 64
1794 2488 1836 2528 et

110 2571 262 2618 supra
287 2559 352 2604 ad
375 2565 398 2607 1
414 2593 428 2617 .,
454 2562 509 2607 57

254 2626 347 2686 69,
386 2635 409 2676 1
440 2632 546 2674 ante
586 2627 772 2674 tertium
805 2628 879 2673 Bz
922 2621 930 2689 Ι
973 2630 1002 2674 4
1025 2625 1191 2673 faustis
1218 2626 1282 2671 E.-
1320 2625 1486 2678 festis;
1522 2624 1639 2669 idem
1680 2625 1833 2669 vitium

110 2703 179 2744 est
202 2706 256 2757 5,
276 2703 304 2747 4
335 2696 343 2758 Ι
375 2704 403 2748 9
429 2698 718 2745 consultatur
749 2692 758 2763 Ι
793 2704 846 2747 15
875 2697 1025 2744 animo
1059 2693 1067 2759 Ι
1100 2696 1306 2756 Explicit
1327 2693 1527 2742 cornelii
1547 2693 1676 2740 taciti
1695 2692 1834 2739 Liber

111 2780 430 2827 duodecimus.
474 2782 604 2841 Incip
631 2780 755 2826 XIII.
796 2778 919 2825 Nero
947 2778 1200 2839 imperator
1227 2778 1443 2827 eflicitur.
