<?xml version="1.0" encoding="UTF-8"?>
<!DOCTYPE html PUBLIC "-//W3C//DTD XHTML 1.0 Transitional//EN"
    "http://www.w3.org/TR/xhtml1/DTD/xhtml1-transitional.dtd">
<html xmlns="http://www.w3.org/1999/xhtml" xml:lang="en" lang="en">
 <head>
  <title>
</title>
<meta http-equiv="Content-Type" content="text/html;charset=utf-8" />
  <meta name='ocr-system' content='tesseract 3.04.00' />
  <meta name='ocr-capabilities' content='ocr_page ocr_carea ocr_par ocr_line ocrx_word'/>
</head>
<body>
  <div class='ocr_page' id='page_1' title='image "./libriquisupersun01taciuoft_0181.png"; bbox 0 0 1976 3224; ppageno 0'>
   <div class='ocr_carea' id='block_1_1' title="bbox 533 205 1723 258">
    <p class='ocr_par' dir='ltr' id='par_1_1' title="bbox 533 205 1723 258">
     <span class='ocr_line' id='line_1_1' title="bbox 533 205 1723 258; baseline 0.002 -5"><span class='ocrx_word' id='word_1_1' title='bbox 533 216 704 253; x_wconf 80' lang='lat' dir='ltr'><strong>LIBER</strong></span> <span class='ocrx_word' id='word_1_2' title='bbox 741 217 818 254; x_wconf 88' lang='lat' dir='ltr'>1v.</span> <span class='ocrx_word' id='word_1_3' title='bbox 861 217 982 255; x_wconf 82' lang='lat' dir='ltr'>CAP.</span> <span class='ocrx_word' id='word_1_4' title='bbox 1019 215 1215 258; x_wconf 77' lang='lat'>18—22.</span> <span class='ocrx_word' id='word_1_5' title='bbox 1628 205 1723 256; x_wconf 84' lang='lat'>123</span> 
     </span>
    </p>
   </div>
   <div class='ocr_carea' id='block_1_2' title="bbox 54 343 1795 2970">
    <p class='ocr_par' dir='ltr' id='par_1_2' title="bbox 54 343 1789 1103">
     <span class='ocr_line' id='line_1_2' title="bbox 57 343 1786 410; baseline -0.003 -15"><span class='ocrx_word' id='word_1_6' title='bbox 57 346 361 410; x_wconf 84' lang='lat' dir='ltr'>comperior:</span> <span class='ocrx_word' id='word_1_7' title='bbox 401 361 504 394; x_wconf 88' lang='lat' dir='ltr'>nam</span> <span class='ocrx_word' id='word_1_8' title='bbox 532 345 766 409; x_wconf 81' lang='lat' dir='ltr'>pleraque</span> <span class='ocrx_word' id='word_1_9' title='bbox 793 344 852 392; x_wconf 92' lang='lat' dir='ltr'>ab</span> <span class='ocrx_word' id='word_1_10' title='bbox 893 345 1051 393; x_wconf 91' lang='lat' dir='ltr'>saevis</span> <span class='ocrx_word' id='word_1_11' title='bbox 1078 343 1428 393; x_wconf 89' lang='lat' dir='ltr'>adulationibus</span> <span class='ocrx_word' id='word_1_12' title='bbox 1453 344 1653 392; x_wconf 91' lang='lat' dir='ltr'>aliorum</span> <span class='ocrx_word' id='word_1_13' title='bbox 1680 344 1728 392; x_wconf 90' lang='lat' dir='ltr'>in</span> <span class='ocrx_word' id='word_1_14' title='bbox 1745 353 1786 387; x_wconf 80' lang='grc' dir='ltr'>ιο</span> 
     </span>
     <span class='ocr_line' id='line_1_3' title="bbox 56 413 1728 478; baseline -0.001 -15"><span class='ocrx_word' id='word_1_15' title='bbox 56 415 228 464; x_wconf 89' lang='lat' dir='ltr'>melius</span> <span class='ocrx_word' id='word_1_16' title='bbox 251 415 398 463; x_wconf 86' lang='lat' dir='ltr'>flexit.</span> <span class='ocrx_word' id='word_1_17' title='bbox 427 429 586 478; x_wconf 89' lang='lat' dir='ltr'>neque</span> <span class='ocrx_word' id='word_1_18' title='bbox 607 421 765 462; x_wconf 89' lang='lat' dir='ltr'>tamen</span> <span class='ocrx_word' id='word_1_19' title='bbox 790 415 1155 478; x_wconf 82' lang='lat' dir='ltr'><strong>temperamenti</strong></span> <span class='ocrx_word' id='word_1_20' title='bbox 1190 413 1392 477; x_wconf 79' lang='lat' dir='ltr'>egebat,</span> <span class='ocrx_word' id='word_1_21' title='bbox 1420 429 1534 462; x_wconf 57' lang='lat' dir='ltr'>cum*</span> <span class='ocrx_word' id='word_1_22' title='bbox 1553 427 1728 476; x_wconf 88' lang='lat' dir='ltr'>aequa-</span> 
     </span>
     <span class='ocr_line' id='line_1_4' title="bbox 58 482 1728 547; baseline -0.002 -14"><span class='ocrx_word' id='word_1_23' title='bbox 58 484 142 533; x_wconf 88' lang='lat' dir='ltr'>bili</span> <span class='ocrx_word' id='word_1_24' title='bbox 171 485 451 533; x_wconf 89' lang='lat' dir='ltr'>auctoritate</span> <span class='ocrx_word' id='word_1_25' title='bbox 477 492 524 532; x_wconf 89' lang='lat' dir='ltr'>et</span> <span class='ocrx_word' id='word_1_26' title='bbox 552 484 706 547; x_wconf 86' lang='lat' dir='ltr'>gratia</span> <span class='ocrx_word' id='word_1_27' title='bbox 734 483 860 547; x_wconf 86' lang='lat' dir='ltr'>apud</span> <span class='ocrx_word' id='word_1_28' title='bbox 890 482 1130 532; x_wconf 85' lang='lat' dir='ltr'><strong>Tiberium</strong></span> <span class='ocrx_word' id='word_1_29' title='bbox 1158 485 1382 546; x_wconf 60' lang='lat' dir='ltr'>viguerit.</span> <span class='ocrx_word' id='word_1_30' title='bbox 1435 482 1560 531; x_wconf 91' lang='lat' dir='ltr'>unde</span> <span class='ocrx_word' id='word_1_31' title='bbox 1596 482 1728 531; x_wconf 89' lang='lat' dir='ltr'>dubi·</span> 
     </span>
     <span class='ocr_line' id='line_1_5' title="bbox 54 552 1731 617; baseline -0.002 -14"><span class='ocrx_word' id='word_1_32' title='bbox 54 562 161 603; x_wconf 68' lang='lat' dir='ltr'>‘tare</span> <span class='ocrx_word' id='word_1_33' title='bbox 188 568 358 616; x_wconf 85' lang='lat' dir='ltr'>cogor,</span> <span class='ocrx_word' id='word_1_34' title='bbox 388 554 485 602; x_wconf 86' lang='lat' dir='ltr'>fato</span> <span class='ocrx_word' id='word_1_35' title='bbox 513 561 560 601; x_wconf 91' lang='lat' dir='ltr'>et</span> <span class='ocrx_word' id='word_1_36' title='bbox 586 560 720 601; x_wconf 84' lang='lat' dir='ltr'><strong>sorte</strong></span> <span class='ocrx_word' id='word_1_37' title='bbox 748 552 1007 615; x_wconf 87' lang='lat' dir='ltr'>nascendi,</span> <span class='ocrx_word' id='word_1_38' title='bbox 1047 559 1094 600; x_wconf 92' lang='lat' dir='ltr'>ut</span> <span class='ocrx_word' id='word_1_39' title='bbox 1131 559 1320 615; x_wconf 84' lang='lat' dir='ltr'>cetera,</span> <span class='ocrx_word' id='word_1_40' title='bbox 1361 553 1426 601; x_wconf 89' lang='lat' dir='ltr'>ita</span> <span class='ocrx_word' id='word_1_41' title='bbox 1460 553 1731 617; x_wconf 86' lang='lat' dir='ltr'>principum</span> 
     </span>
     <span class='ocr_line' id='line_1_6' title="bbox 58 621 1728 686; baseline -0.002 -15"><span class='ocrx_word' id='word_1_42' title='bbox 58 623 302 672; x_wconf 91' lang='lat' dir='ltr'>inclinatio</span> <span class='ocrx_word' id='word_1_43' title='bbox 339 625 386 671; x_wconf 90' lang='lat' dir='ltr'>in</span> <span class='ocrx_word' id='word_1_44' title='bbox 421 622 540 686; x_wconf 86' lang='lat' dir='ltr'>hos,</span> <span class='ocrx_word' id='word_1_45' title='bbox 584 622 788 671; x_wconf 85' lang='lat' dir='ltr'>offensio</span> <span class='ocrx_word' id='word_1_46' title='bbox 824 624 871 670; x_wconf 92' lang='lat' dir='ltr'>in</span> <span class='ocrx_word' id='word_1_47' title='bbox 905 621 1045 684; x_wconf 81' lang='lat' dir='ltr'>illos,</span> <span class='ocrx_word' id='word_1_48' title='bbox 1084 637 1142 670; x_wconf 93' lang='lat' dir='ltr'>an</span> <span class='ocrx_word' id='word_1_49' title='bbox 1178 623 1239 670; x_wconf 89' lang='lat' dir='ltr'>sit</span> <span class='ocrx_word' id='word_1_50' title='bbox 1274 621 1451 686; x_wconf 90' lang='lat' dir='ltr'>aliquid</span> <span class='ocrx_word' id='word_1_51' title='bbox 1476 624 1523 669; x_wconf 91' lang='lat' dir='ltr'>in</span> <span class='ocrx_word' id='word_1_52' title='bbox 1550 623 1728 669; x_wconf 87' lang='lat' dir='ltr'>nostris</span> 
     </span>
     <span class='ocr_line' id='line_1_7' title="bbox 62 691 1785 756; baseline -0.002 -15"><span class='ocrx_word' id='word_1_53' title='bbox 62 693 275 742; x_wconf 90' lang='lat' dir='ltr'>consiliis</span> <span class='ocrx_word' id='word_1_54' title='bbox 311 693 552 756; x_wconf 89' lang='lat' dir='ltr'>liceatque</span> <span class='ocrx_word' id='word_1_55' title='bbox 588 693 712 739; x_wconf 88' lang='lat' dir='ltr'>inter</span> <span class='ocrx_word' id='word_1_56' title='bbox 748 692 998 756; x_wconf 84' lang='lat' dir='ltr'>abruptam</span> <span class='ocrx_word' id='word_1_57' title='bbox 1035 693 1381 755; x_wconf 83' lang='lat' dir='ltr'>contumaciam</span> <span class='ocrx_word' id='word_1_58' title='bbox 1422 699 1471 740; x_wconf 89' lang='lat' dir='ltr'>et</span> <span class='ocrx_word' id='word_1_59' title='bbox 1510 691 1726 739; x_wconf 85' lang='lat' dir='ltr'><strong>deforme</strong></span> <span class='ocrx_word' id='word_1_60' title='bbox 1751 699 1785 729; x_wconf 48' lang='lat'>‘2⁵</span> 
     </span>
     <span class='ocr_line' id='line_1_8' title="bbox 60 761 1731 826; baseline -0.002 -15"><span class='ocrx_word' id='word_1_61' title='bbox 60 761 341 826; x_wconf 85' lang='lat' dir='ltr'>obsequium</span> <span class='ocrx_word' id='word_1_62' title='bbox 383 765 594 825; x_wconf 75' lang='lat' dir='ltr'>pergere</span> <span class='ocrx_word' id='word_1_63' title='bbox 630 762 721 809; x_wconf 88' lang='lat' dir='ltr'>iter</span> <span class='ocrx_word' id='word_1_64' title='bbox 758 761 1015 809; x_wconf 86' lang='lat' dir='ltr'>ambitione</span> <span class='ocrx_word' id='word_1_65' title='bbox 1053 775 1109 809; x_wconf 88' lang='lat' dir='ltr'>ac</span> <span class='ocrx_word' id='word_1_66' title='bbox 1148 761 1374 824; x_wconf 90' lang='lat' dir='ltr'>periculis</span> <span class='ocrx_word' id='word_1_67' title='bbox 1412 775 1629 809; x_wconf 89' lang='lat' dir='ltr'>vacuum.</span> <span class='ocrx_word' id='word_1_68' title='bbox 1684 767 1731 807; x_wconf 91' lang='lat' dir='ltr'>at</span> 
     </span>
     <span class='ocr_line' id='line_1_9' title="bbox 56 828 1730 893; baseline -0.004 -11"><span class='ocrx_word' id='word_1_69' title='bbox 56 831 342 882; x_wconf 85' lang='lat' dir='ltr'>Messalinus</span> <span class='ocrx_word' id='word_1_70' title='bbox 370 830 512 880; x_wconf 86' lang='lat' dir='ltr'>Cotta</span> <span class='ocrx_word' id='word_1_71' title='bbox 537 830 662 879; x_wconf 92' lang='lat' dir='ltr'>haud</span> <span class='ocrx_word' id='word_1_72' title='bbox 686 831 838 878; x_wconf 86' lang='lat' dir='ltr'>minus</span> <span class='ocrx_word' id='word_1_73' title='bbox 866 830 1008 878; x_wconf 89' lang='lat' dir='ltr'>claris</span> <span class='ocrx_word' id='word_1_74' title='bbox 1033 830 1318 893; x_wconf 80' lang='lat' dir='ltr'>maioribuS,</span> <span class='ocrx_word' id='word_1_75' title='bbox 1357 830 1444 879; x_wconf 91' lang='lat' dir='ltr'>sed</span> <span class='ocrx_word' id='word_1_76' title='bbox 1477 831 1631 878; x_wconf 90' lang='lat' dir='ltr'>animo</span> <span class='ocrx_word' id='word_1_77' title='bbox 1664 828 1730 876; x_wconf 92' lang='lat' dir='ltr'>di-</span> 
     </span>
     <span class='ocr_line' id='line_1_10' title="bbox 61 899 1730 964; baseline -0.003 -14"><span class='ocrx_word' id='word_1_78' title='bbox 61 916 249 964; x_wconf 74' lang='lat' dir='ltr'>versuS,</span> <span class='ocrx_word' id='word_1_79' title='bbox 277 901 463 950; x_wconf 90' lang='lat' dir='ltr'>censuit</span> <span class='ocrx_word' id='word_1_80' title='bbox 489 899 753 949; x_wconf 89' lang='lat' dir='ltr'>cavendum</span> <span class='ocrx_word' id='word_1_81' title='bbox 782 907 976 947; x_wconf 88' lang='lat' dir='ltr'>senatus</span> <span class='ocrx_word' id='word_1_82' title='bbox 1005 900 1252 962; x_wconf 90' lang='lat' dir='ltr'>consult0,</span> <span class='ocrx_word' id='word_1_83' title='bbox 1284 907 1331 947; x_wconf 90' lang='lat' dir='ltr'>ut</span> <span class='ocrx_word' id='word_1_84' title='bbox 1358 914 1637 964; x_wconf 86' lang='lat' dir='ltr'>quamquam</span> <span class='ocrx_word' id='word_1_85' title='bbox 1663 899 1730 945; x_wconf 91' lang='lat' dir='ltr'>in-</span> 
     </span>
     <span class='ocr_line' id='line_1_11' title="bbox 59 966 1730 1034; baseline -0.004 -14"><span class='ocrx_word' id='word_1_86' title='bbox 59 978 224 1020; x_wconf 86' lang='lat' dir='ltr'>sontes</span> <span class='ocrx_word' id='word_1_87' title='bbox 270 970 574 1033; x_wconf 86' lang='lat' dir='ltr'>magistratus</span> <span class='ocrx_word' id='word_1_88' title='bbox 628 977 676 1017; x_wconf 92' lang='lat' dir='ltr'>et</span> <span class='ocrx_word' id='word_1_89' title='bbox 720 969 893 1034; x_wconf 88' lang='lat' dir='ltr'>culpae</span> <span class='ocrx_word' id='word_1_90' title='bbox 938 968 1124 1017; x_wconf 89' lang='lat' dir='ltr'>alienae</span> <span class='ocrx_word' id='word_1_91' title='bbox 1163 969 1314 1017; x_wconf 91' lang='lat' dir='ltr'>nescii</span> <span class='ocrx_word' id='word_1_92' title='bbox 1350 966 1730 1033; x_wconf 89' lang='lat' dir='ltr'>provincialibus</span> 
     </span>
     <span class='ocr_line' id='line_1_12' title="bbox 59 1037 1789 1103; baseline -0.002 -14"><span class='ocrx_word' id='word_1_93' title='bbox 59 1055 260 1089; x_wconf 87' lang='lat' dir='ltr'>uxorum</span> <span class='ocrx_word' id='word_1_94' title='bbox 289 1039 561 1088; x_wconf 85' lang='lat' dir='ltr'>criminibus</span> <span class='ocrx_word' id='word_1_95' title='bbox 593 1038 794 1103; x_wconf 89' lang='lat' dir='ltr'>perinde</span> <span class='ocrx_word' id='word_1_96' title='bbox 823 1054 963 1102; x_wconf 89' lang='lat' dir='ltr'>quam</span> <span class='ocrx_word' id='word_1_97' title='bbox 989 1040 1087 1086; x_wconf 90' lang='lat' dir='ltr'>suis</span> <span class='ocrx_word' id='word_1_98' title='bbox 1115 1039 1462 1102; x_wconf 82' lang='lat' dir='ltr'>plecterentur.</span> <span class='ocrx_word' id='word_1_99' title='bbox 1678 1037 1680 1039; x_wconf 75' lang='grc'><strong>’</strong></span> <span class='ocrx_word' id='word_1_100' title='bbox 1745 1042 1789 1074; x_wconf 81' lang='lat'>2⁰</span> 
     </span>
    </p>

    <p class='ocr_par' dir='ltr' id='par_1_3' title="bbox 59 1106 1791 2283">
     <span class='ocr_line' id='line_1_13' title="bbox 166 1106 1731 1172; baseline -0.004 -13"><span class='ocrx_word' id='word_1_101' title='bbox 166 1110 249 1159; x_wconf 85' lang='lat'>21.</span> <span class='ocrx_word' id='word_1_102' title='bbox 288 1110 461 1158; x_wconf 90' lang='lat' dir='ltr'>Actum</span> <span class='ocrx_word' id='word_1_103' title='bbox 488 1108 660 1158; x_wconf 91' lang='lat' dir='ltr'>dehinc</span> <span class='ocrx_word' id='word_1_104' title='bbox 688 1108 748 1156; x_wconf 91' lang='lat' dir='ltr'>de</span> <span class='ocrx_word' id='word_1_105' title='bbox 776 1107 1035 1172; x_wconf 89' lang='lat' dir='ltr'>Calpurnio</span> <span class='ocrx_word' id='word_1_106' title='bbox 1063 1106 1266 1170; x_wconf 81' lang='lat' dir='ltr'>Pisone,</span> <span class='ocrx_word' id='word_1_107' title='bbox 1305 1108 1456 1157; x_wconf 89' lang='lat' dir='ltr'>nobili</span> <span class='ocrx_word' id='word_1_108' title='bbox 1485 1123 1542 1155; x_wconf 92' lang='lat' dir='ltr'>ac</span> <span class='ocrx_word' id='word_1_109' title='bbox 1574 1106 1731 1155; x_wconf 92' lang='lat' dir='ltr'>feroci</span> 
     </span>
     <span class='ocr_line' id='line_1_14' title="bbox 60 1177 1731 1242; baseline -0.003 -14"><span class='ocrx_word' id='word_1_110' title='bbox 60 1181 182 1228; x_wconf 85' lang='lat' dir='ltr'>viro.</span> <span class='ocrx_word' id='word_1_111' title='bbox 233 1180 273 1226; x_wconf 90' lang='lat' dir='ltr'>is</span> <span class='ocrx_word' id='word_1_112' title='bbox 309 1193 538 1242; x_wconf 91' lang='lat' dir='ltr'>namque,</span> <span class='ocrx_word' id='word_1_113' title='bbox 571 1186 621 1226; x_wconf 93' lang='lat' dir='ltr'>ut</span> <span class='ocrx_word' id='word_1_114' title='bbox 648 1178 835 1239; x_wconf 91' lang='lat' dir='ltr'>rettuli,</span> <span class='ocrx_word' id='word_1_115' title='bbox 874 1191 1118 1225; x_wconf 90' lang='lat' dir='ltr'>cessurum</span> <span class='ocrx_word' id='word_1_116' title='bbox 1157 1193 1209 1225; x_wconf 90' lang='lat' dir='ltr'>se</span> <span class='ocrx_word' id='word_1_117' title='bbox 1246 1177 1365 1226; x_wconf 91' lang='lat' dir='ltr'>urbe</span> <span class='ocrx_word' id='word_1_118' title='bbox 1403 1177 1465 1225; x_wconf 94' lang='lat' dir='ltr'>ob</span> <span class='ocrx_word' id='word_1_119' title='bbox 1492 1177 1731 1225; x_wconf 87' lang='lat' dir='ltr'>factiones</span> 
     </span>
     <span class='ocr_line' id='line_1_15' title="bbox 59 1245 1729 1311; baseline -0.003 -13"><span class='ocrx_word' id='word_1_120' title='bbox 59 1255 394 1299; x_wconf 86' lang='lat' dir='ltr'>accusatorum</span> <span class='ocrx_word' id='word_1_121' title='bbox 430 1249 476 1295; x_wconf 92' lang='lat' dir='ltr'>in</span> <span class='ocrx_word' id='word_1_122' title='bbox 512 1254 680 1295; x_wconf 91' lang='lat' dir='ltr'>senatu</span> <span class='ocrx_word' id='word_1_123' title='bbox 718 1247 1045 1295; x_wconf 86' lang='lat' dir='ltr'>clamitaverat</span> <span class='ocrx_word' id='word_1_124' title='bbox 1084 1254 1131 1294; x_wconf 92' lang='lat' dir='ltr'>et</span> <span class='ocrx_word' id='word_1_125' title='bbox 1177 1254 1336 1311; x_wconf 89' lang='lat' dir='ltr'>spreta</span> <span class='ocrx_word' id='word_1_126' title='bbox 1385 1247 1597 1311; x_wconf 87' lang='lat' dir='ltr'>potentia</span> <span class='ocrx_word' id='word_1_127' title='bbox 1634 1245 1729 1293; x_wconf 90' lang='lat' dir='ltr'>Au-</span> 
     </span>
     <span class='ocr_line' id='line_1_16' title="bbox 60 1315 1732 1382; baseline -0.004 -15"><span class='ocrx_word' id='word_1_128' title='bbox 60 1326 231 1382; x_wconf 87' lang='lat' dir='ltr'>gustae</span> <span class='ocrx_word' id='word_1_129' title='bbox 264 1317 455 1365; x_wconf 87' lang='lat' dir='ltr'>trahere</span> <span class='ocrx_word' id='word_1_130' title='bbox 491 1317 539 1364; x_wconf 93' lang='lat' dir='ltr'>in</span> <span class='ocrx_word' id='word_1_131' title='bbox 574 1318 646 1365; x_wconf 93' lang='lat' dir='ltr'>ius</span> <span class='ocrx_word' id='word_1_132' title='bbox 670 1316 980 1378; x_wconf 86' lang='lat' dir='ltr'>Urgulaniam</span> <span class='ocrx_word' id='word_1_133' title='bbox 1016 1315 1256 1380; x_wconf 90' lang='lat' dir='ltr'>domoque</span> <span class='ocrx_word' id='word_1_134' title='bbox 1295 1317 1525 1381; x_wconf 90' lang='lat' dir='ltr'>principis</span> <span class='ocrx_word' id='word_1_135' title='bbox 1565 1316 1732 1363; x_wconf 88' lang='lat' dir='ltr'>excire</span> 
     </span>
     <span class='ocr_line' id='line_1_17' title="bbox 61 1382 1763 1450; baseline -0.002 -13"><span class='ocrx_word' id='word_1_136' title='bbox 61 1403 204 1437; x_wconf 88' lang='lat' dir='ltr'>ausus</span> <span class='ocrx_word' id='word_1_137' title='bbox 230 1394 348 1435; x_wconf 87' lang='lat' dir='ltr'>erat.</span> <span class='ocrx_word' id='word_1_138' title='bbox 402 1385 524 1450; x_wconf 88' lang='lat' dir='ltr'>quae</span> <span class='ocrx_word' id='word_1_139' title='bbox 559 1386 606 1433; x_wconf 90' lang='lat' dir='ltr'>in</span> <span class='ocrx_word' id='word_1_140' title='bbox 643 1400 876 1449; x_wconf 86' lang='lat' dir='ltr'>praesens</span> <span class='ocrx_word' id='word_1_141' title='bbox 914 1384 1131 1433; x_wconf 88' lang='lat' dir='ltr'>Tiberius</span> <span class='ocrx_word' id='word_1_142' title='bbox 1175 1384 1380 1433; x_wconf 79' lang='lat' dir='ltr'>civiliter</span> <span class='ocrx_word' id='word_1_143' title='bbox 1417 1385 1602 1433; x_wconf 88' lang='lat' dir='ltr'>habuit:</span> <span class='ocrx_word' id='word_1_144' title='bbox 1643 1382 1763 1433; x_wconf 87' lang='lat' dir='ltr'>sed⁵</span> 
     </span>
     <span class='ocr_line' id='line_1_18' title="bbox 61 1453 1730 1518; baseline -0.003 -13"><span class='ocrx_word' id='word_1_145' title='bbox 61 1458 107 1505; x_wconf 89' lang='lat' dir='ltr'>in</span> <span class='ocrx_word' id='word_1_146' title='bbox 132 1458 287 1506; x_wconf 89' lang='lat' dir='ltr'>animo</span> <span class='ocrx_word' id='word_1_147' title='bbox 314 1455 600 1504; x_wconf 89' lang='lat' dir='ltr'>revolvente</span> <span class='ocrx_word' id='word_1_148' title='bbox 624 1457 737 1516; x_wconf 81' lang='lat' dir='ltr'>iraS,</span> <span class='ocrx_word' id='word_1_149' title='bbox 766 1455 905 1503; x_wconf 91' lang='lat' dir='ltr'>etiam</span> <span class='ocrx_word' id='word_1_150' title='bbox 930 1455 970 1502; x_wconf 90' lang='lat' dir='ltr'>si</span> <span class='ocrx_word' id='word_1_151' title='bbox 999 1456 1205 1518; x_wconf 88' lang='lat' dir='ltr'>impetus</span> <span class='ocrx_word' id='word_1_152' title='bbox 1228 1455 1511 1502; x_wconf 87' lang='lat' dir='ltr'>offensionis</span> <span class='ocrx_word' id='word_1_153' title='bbox 1533 1453 1730 1515; x_wconf 90' lang='lat' dir='ltr'>langue·</span> 
     </span>
     <span class='ocr_line' id='line_1_19' title="bbox 60 1522 1731 1590; baseline -0.004 -14"><span class='ocrx_word' id='word_1_154' title='bbox 60 1534 147 1590; x_wconf 89' lang='lat' dir='ltr'>rat,</span> <span class='ocrx_word' id='word_1_155' title='bbox 173 1526 399 1574; x_wconf 86' lang='lat' dir='ltr'>memoria</span> <span class='ocrx_word' id='word_1_156' title='bbox 428 1524 640 1573; x_wconf 90' lang='lat' dir='ltr'>valebat.</span> <span class='ocrx_word' id='word_1_157' title='bbox 707 1524 932 1572; x_wconf 88' lang='lat' dir='ltr'>Pisonem</span> <span class='ocrx_word' id='word_1_158' title='bbox 958 1524 1016 1585; x_wconf 84' lang='lat' dir='ltr'>Q.</span> <span class='ocrx_word' id='word_1_159' title='bbox 1051 1523 1252 1572; x_wconf 89' lang='lat' dir='ltr'>Granius</span> <span class='ocrx_word' id='word_1_160' title='bbox 1282 1524 1462 1571; x_wconf 90' lang='lat' dir='ltr'>secreti</span> <span class='ocrx_word' id='word_1_161' title='bbox 1496 1522 1731 1570; x_wconf 88' lang='lat' dir='ltr'>sermonis</span> 
     </span>
     <span class='ocr_line' id='line_1_20' title="bbox 60 1592 1729 1657; baseline -0.004 -12"><span class='ocrx_word' id='word_1_162' title='bbox 60 1596 295 1645; x_wconf 89' lang='lat' dir='ltr'>incusavit</span> <span class='ocrx_word' id='word_1_163' title='bbox 332 1595 584 1644; x_wconf 88' lang='lat' dir='ltr'>adversum</span> <span class='ocrx_word' id='word_1_164' title='bbox 622 1595 919 1642; x_wconf 89' lang='lat' dir='ltr'>maiestatem</span> <span class='ocrx_word' id='word_1_165' title='bbox 960 1593 1135 1656; x_wconf 82' lang='lat' dir='ltr'>habiti,</span> <span class='ocrx_word' id='word_1_166' title='bbox 1184 1592 1453 1657; x_wconf 90' lang='lat' dir='ltr'>adiecitque</span> <span class='ocrx_word' id='word_1_167' title='bbox 1494 1593 1541 1640; x_wconf 90' lang='lat' dir='ltr'>in</span> <span class='ocrx_word' id='word_1_168' title='bbox 1588 1592 1729 1640; x_wconf 93' lang='lat' dir='ltr'>domo</span> 
     </span>
     <span class='ocr_line' id='line_1_21' title="bbox 60 1662 1730 1726; baseline -0.004 -12"><span class='ocrx_word' id='word_1_169' title='bbox 60 1667 164 1714; x_wconf 89' lang='lat' dir='ltr'>eius</span> <span class='ocrx_word' id='word_1_170' title='bbox 188 1680 422 1713; x_wconf 89' lang='lat' dir='ltr'>venenum</span> <span class='ocrx_word' id='word_1_171' title='bbox 451 1679 561 1712; x_wconf 91' lang='lat' dir='ltr'>esse</span> <span class='ocrx_word' id='word_1_172' title='bbox 589 1678 790 1726; x_wconf 86' lang='lat' dir='ltr'>eumque</span> <span class='ocrx_word' id='word_1_173' title='bbox 823 1662 984 1725; x_wconf 86' lang='lat' dir='ltr'>gladio</span> <span class='ocrx_word' id='word_1_174' title='bbox 1012 1663 1276 1711; x_wconf 89' lang='lat' dir='ltr'>accinctum</span> <span class='ocrx_word' id='word_1_175' title='bbox 1303 1662 1503 1711; x_wconf 88' lang='lat' dir='ltr'>introire</span> <span class='ocrx_word' id='word_1_176' title='bbox 1540 1662 1730 1709; x_wconf 88' lang='lat' dir='ltr'>curiam.</span> 
     </span>
     <span class='ocr_line' id='line_1_22' title="bbox 63 1731 1789 1799; baseline -0.004 -16"><span class='ocrx_word' id='word_1_177' title='bbox 63 1734 192 1799; x_wconf 88' lang='lat' dir='ltr'>quod</span> <span class='ocrx_word' id='word_1_178' title='bbox 221 1742 269 1782; x_wconf 92' lang='lat' dir='ltr'>ut</span> <span class='ocrx_word' id='word_1_179' title='bbox 294 1735 504 1783; x_wconf 89' lang='lat' dir='ltr'>atrocius</span> <span class='ocrx_word' id='word_1_180' title='bbox 533 1746 651 1780; x_wconf 88' lang='lat' dir='ltr'>vero</span> <span class='ocrx_word' id='word_1_181' title='bbox 682 1733 974 1781; x_wconf 86' lang='lat' dir='ltr'>tramissum:</span> <span class='ocrx_word' id='word_1_182' title='bbox 1003 1739 1300 1794; x_wconf 88' lang='lat' dir='ltr'>ceterorum,</span> <span class='ocrx_word' id='word_1_183' title='bbox 1331 1745 1453 1794; x_wconf 89' lang='lat' dir='ltr'>quae</span> <span class='ocrx_word' id='word_1_184' title='bbox 1478 1731 1623 1779; x_wconf 89' lang='lat' dir='ltr'>multa</span> <span class='ocrx_word' id='word_1_185' title='bbox 1654 1737 1789 1777; x_wconf 86' lang='lat' dir='ltr'>cu-10</span> 
     </span>
     <span class='ocr_line' id='line_1_23' title="bbox 61 1800 1733 1865; baseline -0.004 -13"><span class='ocrx_word' id='word_1_186' title='bbox 61 1803 386 1864; x_wconf 88' lang='lat' dir='ltr'>mulabantur,</span> <span class='ocrx_word' id='word_1_187' title='bbox 421 1809 649 1865; x_wconf 84' lang='lat' dir='ltr'>receptus</span> <span class='ocrx_word' id='word_1_188' title='bbox 681 1809 755 1849; x_wconf 88' lang='lat' dir='ltr'>est</span> <span class='ocrx_word' id='word_1_189' title='bbox 791 1816 931 1863; x_wconf 80' lang='lat' dir='ltr'>reuS,</span> <span class='ocrx_word' id='word_1_190' title='bbox 973 1815 1131 1864; x_wconf 89' lang='lat' dir='ltr'>neque</span> <span class='ocrx_word' id='word_1_191' title='bbox 1170 1809 1397 1865; x_wconf 90' lang='lat' dir='ltr'>peractus</span> <span class='ocrx_word' id='word_1_192' title='bbox 1433 1800 1495 1849; x_wconf 94' lang='lat' dir='ltr'>ob</span> <span class='ocrx_word' id='word_1_193' title='bbox 1530 1807 1733 1848; x_wconf 90' lang='lat' dir='ltr'>mortem</span> 
     </span>
     <span class='ocr_line' id='line_1_24' title="bbox 65 1868 1733 1937; baseline -0.002 -16"><span class='ocrx_word' id='word_1_194' title='bbox 65 1880 362 1937; x_wconf 89' lang='lat' dir='ltr'>oportunam.</span> <span class='ocrx_word' id='word_1_195' title='bbox 415 1871 616 1918; x_wconf 89' lang='lat' dir='ltr'>relatum</span> <span class='ocrx_word' id='word_1_196' title='bbox 643 1878 689 1918; x_wconf 90' lang='lat' dir='ltr'>et</span> <span class='ocrx_word' id='word_1_197' title='bbox 716 1870 774 1918; x_wconf 92' lang='lat' dir='ltr'>de</span> <span class='ocrx_word' id='word_1_198' title='bbox 804 1869 973 1918; x_wconf 89' lang='lat' dir='ltr'>Cassio</span> <span class='ocrx_word' id='word_1_199' title='bbox 1001 1871 1186 1918; x_wconf 86' lang='lat' dir='ltr'>Severo</span> <span class='ocrx_word' id='word_1_200' title='bbox 1211 1870 1372 1932; x_wconf 82' lang='lat' dir='ltr'>exule,</span> <span class='ocrx_word' id='word_1_201' title='bbox 1403 1872 1482 1933; x_wconf 91' lang='lat' dir='ltr'>qui</span> <span class='ocrx_word' id='word_1_202' title='bbox 1508 1868 1733 1918; x_wconf 85' lang='lat' dir='ltr'>sordidae</span> 
     </span>
     <span class='ocr_line' id='line_1_25' title="bbox 66 1938 1734 2004; baseline -0.004 -14"><span class='ocrx_word' id='word_1_203' title='bbox 66 1942 293 2004; x_wconf 87' lang='lat' dir='ltr'>originis,</span> <span class='ocrx_word' id='word_1_204' title='bbox 322 1940 572 1988; x_wconf 77' lang='lat' dir='ltr'>maleficae</span> <span class='ocrx_word' id='word_1_205' title='bbox 598 1941 743 2001; x_wconf 76' lang='lat' dir='ltr'>vitae,</span> <span class='ocrx_word' id='word_1_206' title='bbox 777 1939 864 1987; x_wconf 89' lang='lat' dir='ltr'>sed</span> <span class='ocrx_word' id='word_1_207' title='bbox 895 1939 1060 1987; x_wconf 91' lang='lat' dir='ltr'>orandi</span> <span class='ocrx_word' id='word_1_208' title='bbox 1087 1939 1298 2001; x_wconf 75' lang='lat' dir='ltr'>validae,</span> <span class='ocrx_word' id='word_1_209' title='bbox 1338 1953 1426 2002; x_wconf 91' lang='lat' dir='ltr'>per</span> <span class='ocrx_word' id='word_1_210' title='bbox 1454 1938 1734 1987; x_wconf 91' lang='lat' dir='ltr'>immodicas</span> 
     </span>
     <span class='ocr_line' id='line_1_26' title="bbox 65 2006 1732 2059; baseline -0.004 0"><span class='ocrx_word' id='word_1_211' title='bbox 65 2011 331 2059; x_wconf 88' lang='lat' dir='ltr'>inimicitias</span> <span class='ocrx_word' id='word_1_212' title='bbox 359 2016 406 2057; x_wconf 91' lang='lat' dir='ltr'>ut</span> <span class='ocrx_word' id='word_1_213' title='bbox 434 2007 606 2056; x_wconf 90' lang='lat' dir='ltr'>iudicio</span> <span class='ocrx_word' id='word_1_214' title='bbox 649 2008 786 2055; x_wconf 91' lang='lat' dir='ltr'>iurati</span> <span class='ocrx_word' id='word_1_215' title='bbox 824 2015 1016 2056; x_wconf 90' lang='lat' dir='ltr'>senatus</span> <span class='ocrx_word' id='word_1_216' title='bbox 1051 2006 1241 2056; x_wconf 85' lang='lat' dir='ltr'>Cretam</span> <span class='ocrx_word' id='word_1_217' title='bbox 1277 2015 1583 2056; x_wconf 88' lang='lat' dir='ltr'>amoveretur</span> <span class='ocrx_word' id='word_1_218' title='bbox 1618 2007 1732 2055; x_wconf 81' lang='lat' dir='ltr'>effe-</span> 
     </span>
     <span class='ocr_line' id='line_1_27' title="bbox 67 2075 1791 2143; baseline -0.004 -14"><span class='ocrx_word' id='word_1_219' title='bbox 67 2087 220 2136; x_wconf 89' lang='lat' dir='ltr'>cerat;</span> <span class='ocrx_word' id='word_1_220' title='bbox 263 2087 406 2143; x_wconf 89' lang='lat' dir='ltr'>atque</span> <span class='ocrx_word' id='word_1_221' title='bbox 446 2078 546 2126; x_wconf 92' lang='lat' dir='ltr'>illic</span> <span class='ocrx_word' id='word_1_222' title='bbox 584 2077 750 2126; x_wconf 89' lang='lat' dir='ltr'>eadem</span> <span class='ocrx_word' id='word_1_223' title='bbox 791 2076 1030 2125; x_wconf 90' lang='lat' dir='ltr'>actitando</span> <span class='ocrx_word' id='word_1_224' title='bbox 1066 2077 1279 2125; x_wconf 87' lang='lat' dir='ltr'>recentia</span> <span class='ocrx_word' id='word_1_225' title='bbox 1318 2084 1582 2139; x_wconf 86' lang='lat' dir='ltr'>veteraque</span> <span class='ocrx_word' id='word_1_226' title='bbox 1624 2075 1733 2122; x_wconf 89' lang='lat' dir='ltr'>odia</span> <span class='ocrx_word' id='word_1_227' title='bbox 1755 2080 1791 2111; x_wconf 73' lang='lat'>¹5</span> 
     </span>
     <span class='ocr_line' id='line_1_28' title="bbox 66 2146 1732 2212; baseline -0.005 -13"><span class='ocrx_word' id='word_1_228' title='bbox 66 2150 284 2211; x_wconf 86' lang='lat' dir='ltr'>advertit,</span> <span class='ocrx_word' id='word_1_229' title='bbox 314 2149 548 2212; x_wconf 88' lang='lat' dir='ltr'>bonisque</span> <span class='ocrx_word' id='word_1_230' title='bbox 577 2155 771 2209; x_wconf 86' lang='lat' dir='ltr'>exutus,</span> <span class='ocrx_word' id='word_1_231' title='bbox 811 2146 1066 2194; x_wconf 90' lang='lat' dir='ltr'>interdicto</span> <span class='ocrx_word' id='word_1_232' title='bbox 1106 2146 1203 2208; x_wconf 89' lang='lat' dir='ltr'>igni</span> <span class='ocrx_word' id='word_1_233' title='bbox 1242 2153 1384 2208; x_wconf 89' lang='lat' dir='ltr'>atque</span> <span class='ocrx_word' id='word_1_234' title='bbox 1421 2160 1571 2208; x_wconf 89' lang='lat' dir='ltr'>aqua,</span> <span class='ocrx_word' id='word_1_235' title='bbox 1614 2158 1732 2191; x_wconf 84' lang='lat' dir='ltr'>saxo</span> 
     </span>
     <span class='ocr_line' id='line_1_29' title="bbox 67 2219 569 2283; baseline -0.006 -16"><span class='ocrx_word' id='word_1_236' title='bbox 67 2219 272 2283; x_wconf 87' lang='lat' dir='ltr'>Seripho</span> <span class='ocrx_word' id='word_1_237' title='bbox 302 2219 569 2267; x_wconf 91' lang='lat' dir='ltr'>consenuit.</span> 
     </span>
    </p>

    <p class='ocr_par' dir='ltr' id='par_1_4' title="bbox 68 2283 1795 2970">
     <span class='ocr_line' id='line_1_30' title="bbox 174 2283 1734 2348; baseline -0.004 -13"><span class='ocrx_word' id='word_1_238' title='bbox 174 2288 256 2336; x_wconf 87' lang='lat'>22.</span> <span class='ocrx_word' id='word_1_239' title='bbox 296 2288 389 2336; x_wconf 92' lang='lat' dir='ltr'>Per</span> <span class='ocrx_word' id='word_1_240' title='bbox 413 2287 535 2335; x_wconf 90' lang='lat' dir='ltr'>idem</span> <span class='ocrx_word' id='word_1_241' title='bbox 578 2293 764 2348; x_wconf 88' lang='lat' dir='ltr'>tempus</span> <span class='ocrx_word' id='word_1_242' title='bbox 801 2284 1011 2334; x_wconf 88' lang='lat' dir='ltr'>Plautius</span> <span class='ocrx_word' id='word_1_243' title='bbox 1046 2284 1267 2332; x_wconf 90' lang='lat' dir='ltr'>Silvanus</span> <span class='ocrx_word' id='word_1_244' title='bbox 1307 2290 1503 2347; x_wconf 88' lang='lat' dir='ltr'>praetor</span> <span class='ocrx_word' id='word_1_245' title='bbox 1536 2283 1734 2330; x_wconf 89' lang='lat' dir='ltr'>incertis</span> 
     </span>
     <span class='ocr_line' id='line_1_31' title="bbox 68 2350 1735 2421; baseline -0.005 -15"><span class='ocrx_word' id='word_1_246' title='bbox 68 2358 224 2406; x_wconf 90' lang='lat' dir='ltr'>causis</span> <span class='ocrx_word' id='word_1_247' title='bbox 254 2357 514 2421; x_wconf 86' lang='lat' dir='ltr'>Aproniam</span> <span class='ocrx_word' id='word_1_248' title='bbox 544 2356 796 2417; x_wconf 89' lang='lat' dir='ltr'>coniugem</span> <span class='ocrx_word' id='word_1_249' title='bbox 826 2356 871 2401; x_wconf 91' lang='lat' dir='ltr'>in</span> <span class='ocrx_word' id='word_1_250' title='bbox 900 2368 1138 2417; x_wconf 89' lang='lat' dir='ltr'>praeceps</span> <span class='ocrx_word' id='word_1_251' title='bbox 1177 2353 1321 2414; x_wconf 91' lang='lat' dir='ltr'>iecit,</span> <span class='ocrx_word' id='word_1_252' title='bbox 1362 2359 1638 2415; x_wconf 89' lang='lat' dir='ltr'>tractusque</span> <span class='ocrx_word' id='word_1_253' title='bbox 1677 2350 1735 2398; x_wconf 90' lang='lat' dir='ltr'>ad</span> 
     </span>
     <span class='ocr_line' id='line_1_32' title="bbox 68 2420 1734 2488; baseline -0.005 -13"><span class='ocrx_word' id='word_1_254' title='bbox 68 2426 326 2477; x_wconf 84' lang='lat' dir='ltr'>Caesarem</span> <span class='ocrx_word' id='word_1_255' title='bbox 362 2426 421 2475; x_wconf 89' lang='lat' dir='ltr'>ab</span> <span class='ocrx_word' id='word_1_256' title='bbox 456 2426 506 2473; x_wconf 93' lang='lat' dir='ltr'>L.</span> <span class='ocrx_word' id='word_1_257' title='bbox 544 2425 763 2488; x_wconf 89' lang='lat' dir='ltr'>Apronio</span> <span class='ocrx_word' id='word_1_258' title='bbox 805 2438 983 2471; x_wconf 86' lang='lat' dir='ltr'>socero</span> <span class='ocrx_word' id='word_1_259' title='bbox 1019 2422 1203 2470; x_wconf 87' lang='lat' dir='ltr'>turbata</span> <span class='ocrx_word' id='word_1_260' title='bbox 1255 2429 1416 2470; x_wconf 89' lang='lat' dir='ltr'>mente</span> <span class='ocrx_word' id='word_1_261' title='bbox 1463 2420 1734 2484; x_wconf 88' lang='lat' dir='ltr'>respondit,</span> 
     </span>
     <span class='ocr_line' id='line_1_33' title="bbox 69 2493 1733 2559; baseline -0.006 -15"><span class='ocrx_word' id='word_1_262' title='bbox 69 2504 300 2559; x_wconf 85' lang='lat' dir='ltr'>tamquam</span> <span class='ocrx_word' id='word_1_263' title='bbox 325 2497 430 2558; x_wconf 85' lang='lat' dir='ltr'>ipse</span> <span class='ocrx_word' id='word_1_264' title='bbox 458 2508 626 2542; x_wconf 92' lang='lat' dir='ltr'>somno</span> <span class='ocrx_word' id='word_1_265' title='bbox 653 2494 818 2555; x_wconf 89' lang='lat' dir='ltr'>gravis</span> <span class='ocrx_word' id='word_1_266' title='bbox 845 2500 985 2556; x_wconf 86' lang='lat' dir='ltr'>atque</span> <span class='ocrx_word' id='word_1_267' title='bbox 1012 2506 1072 2540; x_wconf 92' lang='lat' dir='ltr'>eo</span> <span class='ocrx_word' id='word_1_268' title='bbox 1104 2493 1317 2555; x_wconf 84' lang='lat' dir='ltr'>ignaruS,</span> <span class='ocrx_word' id='word_1_269' title='bbox 1345 2497 1391 2537; x_wconf 91' lang='lat' dir='ltr'>et</span> <span class='ocrx_word' id='word_1_270' title='bbox 1415 2503 1540 2537; x_wconf 88' lang='lat' dir='ltr'>uxor</span> <span class='ocrx_word' id='word_1_271' title='bbox 1561 2495 1733 2551; x_wconf 88' lang='lat' dir='ltr'>sponte</span> 
     </span>
     <span class='ocr_line' id='line_1_34' title="bbox 69 2555 1776 2627; baseline -0.007 -14"><span class='ocrx_word' id='word_1_272' title='bbox 69 2572 266 2614; x_wconf 86' lang='lat' dir='ltr'>mortem</span> <span class='ocrx_word' id='word_1_273' title='bbox 307 2565 604 2627; x_wconf 88' lang='lat' dir='ltr'>sumpsisset.</span> <span class='ocrx_word' id='word_1_274' title='bbox 663 2577 758 2610; x_wconf 90' lang='lat' dir='ltr'>non</span> <span class='ocrx_word' id='word_1_275' title='bbox 801 2569 1080 2610; x_wconf 89' lang='lat' dir='ltr'>cunctanter</span> <span class='ocrx_word' id='word_1_276' title='bbox 1117 2559 1337 2608; x_wconf 89' lang='lat' dir='ltr'>Tiberius</span> <span class='ocrx_word' id='word_1_277' title='bbox 1373 2558 1534 2622; x_wconf 83' lang='lat' dir='ltr'>pergit</span> <span class='ocrx_word' id='word_1_278' title='bbox 1572 2559 1617 2603; x_wconf 88' lang='lat' dir='ltr'>in</span> <span class='ocrx_word' id='word_1_279' title='bbox 1654 2555 1776 2603; x_wconf 70' lang='lat' dir='ltr'>do²5</span> 
     </span>
     <span class='ocr_line' id='line_1_35' title="bbox 70 2626 1737 2695; baseline -0.007 -13"><span class='ocrx_word' id='word_1_280' title='bbox 70 2648 209 2695; x_wconf 91' lang='lat' dir='ltr'>mum,</span> <span class='ocrx_word' id='word_1_281' title='bbox 235 2635 346 2683; x_wconf 90' lang='lat' dir='ltr'>visit</span> <span class='ocrx_word' id='word_1_282' title='bbox 375 2632 670 2692; x_wconf 90' lang='lat' dir='ltr'>cubiculum,</span> <span class='ocrx_word' id='word_1_283' title='bbox 698 2632 742 2677; x_wconf 91' lang='lat' dir='ltr'>in</span> <span class='ocrx_word' id='word_1_284' title='bbox 774 2646 866 2693; x_wconf 87' lang='lat' dir='ltr'>quo</span> <span class='ocrx_word' id='word_1_285' title='bbox 894 2630 1172 2677; x_wconf 90' lang='lat' dir='ltr'>reluctantis</span> <span class='ocrx_word' id='word_1_286' title='bbox 1199 2635 1246 2674; x_wconf 92' lang='lat' dir='ltr'>et</span> <span class='ocrx_word' id='word_1_287' title='bbox 1271 2627 1502 2689; x_wconf 87' lang='lat' dir='ltr'>impulsae</span> <span class='ocrx_word' id='word_1_288' title='bbox 1531 2626 1737 2687; x_wconf 85' lang='lat' dir='ltr'>vestigia</span> 
     </span>
     <span class='ocr_line' id='line_1_36' title="bbox 73 2694 1734 2759; baseline -0.007 -7"><span class='ocrx_word' id='word_1_289' title='bbox 73 2703 402 2752; x_wconf 89' lang='lat' dir='ltr'>cernebantur.</span> <span class='ocrx_word' id='word_1_290' title='bbox 453 2702 604 2749; x_wconf 87' lang='lat' dir='ltr'>refert</span> <span class='ocrx_word' id='word_1_291' title='bbox 639 2699 696 2748; x_wconf 90' lang='lat' dir='ltr'>ad</span> <span class='ocrx_word' id='word_1_292' title='bbox 735 2707 975 2759; x_wconf 89' lang='lat' dir='ltr'>senatum,</span> <span class='ocrx_word' id='word_1_293' title='bbox 1016 2697 1233 2759; x_wconf 89' lang='lat' dir='ltr'>datisque</span> <span class='ocrx_word' id='word_1_294' title='bbox 1270 2695 1502 2742; x_wconf 91' lang='lat' dir='ltr'>iudicibus</span> <span class='ocrx_word' id='word_1_295' title='bbox 1531 2694 1734 2756; x_wconf 90' lang='lat' dir='ltr'>Urgula-</span> 
     </span>
     <span class='ocr_line' id='line_1_37' title="bbox 71 2762 1734 2834; baseline -0.006 -15"><span class='ocrx_word' id='word_1_296' title='bbox 71 2773 145 2819; x_wconf 90' lang='lat' dir='ltr'>nia</span> <span class='ocrx_word' id='word_1_297' title='bbox 174 2773 351 2821; x_wconf 90' lang='lat' dir='ltr'>Silvani</span> <span class='ocrx_word' id='word_1_298' title='bbox 378 2771 482 2820; x_wconf 91' lang='lat' dir='ltr'>avia</span> <span class='ocrx_word' id='word_1_299' title='bbox 514 2771 773 2834; x_wconf 85' lang='lat' dir='ltr'>pugionem</span> <span class='ocrx_word' id='word_1_300' title='bbox 806 2768 971 2830; x_wconf 86' lang='lat' dir='ltr'>nepoti</span> <span class='ocrx_word' id='word_1_301' title='bbox 999 2766 1135 2813; x_wconf 86' lang='lat' dir='ltr'>misit.</span> <span class='ocrx_word' id='word_1_302' title='bbox 1189 2764 1314 2827; x_wconf 86' lang='lat' dir='ltr'>quod</span> <span class='ocrx_word' id='word_1_303' title='bbox 1355 2763 1552 2827; x_wconf 86' lang='lat' dir='ltr'>perinde</span> <span class='ocrx_word' id='word_1_304' title='bbox 1582 2762 1734 2810; x_wconf 89' lang='lat' dir='ltr'>credi-</span> 
     </span>
     <span class='ocr_line' id='line_1_38' title="bbox 74 2833 1732 2904; baseline -0.005 -17"><span class='ocrx_word' id='word_1_305' title='bbox 74 2846 168 2887; x_wconf 87' lang='lat' dir='ltr'>tum</span> <span class='ocrx_word' id='word_1_306' title='bbox 201 2841 334 2904; x_wconf 87' lang='lat' dir='ltr'>quasi</span> <span class='ocrx_word' id='word_1_307' title='bbox 374 2840 605 2904; x_wconf 87' lang='lat' dir='ltr'>principis</span> <span class='ocrx_word' id='word_1_308' title='bbox 643 2839 820 2885; x_wconf 90' lang='lat' dir='ltr'>monitu</span> <span class='ocrx_word' id='word_1_309' title='bbox 858 2837 919 2883; x_wconf 92' lang='lat' dir='ltr'>ob</span> <span class='ocrx_word' id='word_1_310' title='bbox 961 2835 1207 2883; x_wconf 88' lang='lat' dir='ltr'>amicitiam</span> <span class='ocrx_word' id='word_1_311' title='bbox 1233 2834 1480 2895; x_wconf 89' lang='lat' dir='ltr'>Augustae</span> <span class='ocrx_word' id='word_1_312' title='bbox 1509 2847 1612 2879; x_wconf 90' lang='lat' dir='ltr'>cum</span> <span class='ocrx_word' id='word_1_313' title='bbox 1641 2833 1732 2882; x_wconf 89' lang='lat' dir='ltr'>Ur-</span> 
     </span>
     <span class='ocr_line' id='line_1_39' title="bbox 74 2901 1795 2970; baseline -0.006 -13"><span class='ocrx_word' id='word_1_314' title='bbox 74 2908 278 2970; x_wconf 80' lang='lat' dir='ltr'>gulania.</span> <span class='ocrx_word' id='word_1_315' title='bbox 335 2924 445 2957; x_wconf 90' lang='lat' dir='ltr'>reus</span> <span class='ocrx_word' id='word_1_316' title='bbox 481 2909 656 2956; x_wconf 85' lang='lat' dir='ltr'>frustra</span> <span class='ocrx_word' id='word_1_317' title='bbox 695 2913 924 2969; x_wconf 87' lang='lat' dir='ltr'>temptato</span> <span class='ocrx_word' id='word_1_318' title='bbox 967 2905 1098 2952; x_wconf 86' lang='lat' dir='ltr'>ferro</span> <span class='ocrx_word' id='word_1_319' title='bbox 1132 2918 1281 2951; x_wconf 90' lang='lat' dir='ltr'>venas</span> <span class='ocrx_word' id='word_1_320' title='bbox 1319 2901 1540 2965; x_wconf 90' lang='lat' dir='ltr'>praebuit</span> <span class='ocrx_word' id='word_1_321' title='bbox 1579 2901 1795 2952; x_wconf 69' lang='lat' dir='ltr'>exsol-10</span> 
     </span>
    </p>
   </div>
  </div>
 </body>
</html>
