1976 3224
542 186 715 224 Lmen
735 186 837 223 ΧΠ.
863 185 987 223 CAP.
1006 184 1206 228 48—53.
1626 176 1729 227 217

62 325 135 365 tas
165 329 420 379 equorum,
458 315 563 378 quis
603 329 754 378 seque
787 322 832 362 et
866 315 1119 377 coniugem
1146 313 1356 363 abstulit.
1406 314 1493 363 sed
1522 318 1732 366 coniunx

61 385 259 449 gravida
287 385 486 449 primam
521 391 773 448 utcumque
811 385 974 447 fugam
1015 383 1077 432 ob
1107 391 1282 432 metum
1307 385 1531 433 hostilem
1563 393 1611 434 et
1634 401 1729 435 ma·

60 456 135 504 riti
162 456 406 503 caritatem
431 453 679 510 toleravit;
717 461 828 519 post
864 454 1172 502 festinatione
1201 456 1453 517 continua,
1497 454 1575 503 ubi
1602 456 1732 520 quati

60 532 224 573 uterus
253 531 301 572 et
329 524 519 572 viscera
543 523 804 588 vibrantur,
833 538 973 572 orare
1002 531 1051 571 ut
1076 532 1230 572 morte
1256 524 1459 573 honesta
1487 532 1727 574 contume-
1750 546 1770 578 5

60 595 136 643 liis
166 593 454 658 captivitatis
483 593 786 642 eximeretur.
837 593 920 641 ille
944 595 1097 657 primo
1137 594 1364 658 amplecti
1391 594 1618 643 adlevare
1650 594 1729 643 ad-

59 665 270 726 hortari,
310 663 453 714 modo
492 665 712 711 virtutem
750 663 1014 726 admiranS,
1054 663 1197 712 modo
1237 665 1408 712 timore
1446 678 1621 727 aeger,
1669 679 1729 713 ne

61 736 165 799 quis
200 733 370 783 relicta
406 741 672 798 poteretur.
722 741 967 798 postremo
1002 734 1229 783 violentia
1257 733 1431 782 amoris
1470 741 1516 782 et
1545 733 1728 783 facino-

57 819 159 853 rum
193 817 289 852 non
327 803 458 852 rudis
496 802 750 866 destringit
785 804 1013 852 acinacen
1049 803 1442 867 vulneratamque
1478 804 1631 868 ripam
1669 803 1731 852 ad

58 871 234 923 Araxis
257 873 414 935 trahit,
440 873 617 921 flumini
646 872 810 936 tradit,
848 880 898 921 ut
927 888 1105 938 corpus
1130 875 1271 922 etiam
1299 874 1593 922 auferretur:
1622 874 1731 937 ipse
1748 888 1791 921 10

59 957 299 1009 praeceps
335 942 544 991 Hiberos
575 942 634 991 ad
669 943 872 1006 patrium
904 958 1108 1006 regnum
1133 943 1370 1007 pervadit.
1423 944 1611 991 interim
1640 943 1729 992 Ze-

58 1013 246 1062 nobiam
274 1012 347 1078 (id
370 1012 556 1061 mulieri
581 1012 781 1075 nomen)
807 1012 997 1077 placida
1026 1013 1205 1061 inluvie
1231 1014 1491 1077 spirantem
1519 1028 1578 1061 ac
1602 1014 1731 1061 vitae

58 1083 355 1132 manifestam
381 1082 638 1132 advertere
664 1089 907 1146 pastoreS,
949 1090 997 1130 et
1022 1082 1253 1146 dignitate
1281 1083 1466 1131 formae
1493 1082 1618 1131 haud
1649 1082 1729 1130 de-

57 1167 287 1217 generem
331 1158 614 1216 reputantes
663 1151 881 1214 obligant
929 1152 1123 1215 vulnuS,
1173 1153 1386 1215 agrestia
1416 1152 1730 1201 medicamina

60 1221 284 1271 adhibent
319 1224 616 1285 cognitoque
654 1222 846 1270 nomine
886 1229 934 1270 et
974 1237 1088 1271 casu
1123 1222 1170 1269 in
1199 1221 1365 1270 urbem
1394 1222 1628 1271 Artaxata
1658 1221 1726 1270 fe·
1747 1237 1785 1272 ιε

57 1299 187 1347 runt;
221 1290 345 1339 unde
370 1290 562 1356 publica
591 1306 703 1340 cura
731 1290 933 1339 deducta
961 1291 1020 1340 ad
1051 1291 1294 1340 Tiridaten
1322 1293 1619 1356 comiterque
1647 1306 1727 1340 ex-

60 1369 201 1426 cepta
231 1361 360 1410 cultu
383 1362 525 1423 regio
551 1359 711 1409 habita
738 1368 827 1409 est.

160 1430 242 1479 52.
280 1429 457 1479 Fausto
495 1429 628 1478 Sulla
665 1429 828 1479 Salvio
859 1429 1050 1478 Othone
1088 1430 1367 1479 consulibus
1401 1430 1572 1479 Furius
1603 1430 1728 1478 Scri-

56 1500 291 1549 bonianus
325 1501 372 1548 in
411 1499 602 1548 exilium
640 1500 820 1562 agitur,
864 1501 997 1563 quasi
1034 1500 1175 1548 finem
1204 1501 1437 1564 principis
1466 1515 1556 1564 per
1587 1497 1728 1548 Chal-

57 1570 206 1618 daeos
233 1577 541 1619 scrutaretur.
590 1569 933 1618 adnectebatur
960 1570 1145 1617 crimini
1167 1569 1309 1619 Vibia
1335 1576 1488 1618 mater
1515 1570 1642 1631 eiuS,
1681 1576 1731 1616 ut

58 1654 198 1689 casus
233 1639 408 1705 prioris
448 1640 582 1704 (nam
620 1639 839 1702 relegata
874 1639 1003 1702 erat)
1042 1640 1296 1703 inpatiens,
1354 1646 1494 1702 pater
1531 1637 1727 1687 Scribo-

56 1709 181 1758 niani
207 1708 434 1758 Camillus
470 1723 599 1758 arma
633 1724 722 1772 per
747 1708 1028 1757 Delmatiam
1063 1717 1309 1764 moverat;
1352 1708 1499 1773 idque
1536 1707 1595 1756 ad
1633 1707 1774 1756 cle-⁵

55 1779 276 1828 mentiam
300 1778 520 1827 trahebat
543 1777 750 1841 Caesar,
786 1778 915 1842 quod
939 1779 1139 1843 stirpem
1163 1778 1389 1827 hostilem
1417 1779 1588 1826 iterum
1616 1791 1728 1825 con-

60 1855 293 1897 servaret.
344 1862 502 1911 neque
533 1855 690 1897 tamen
730 1848 860 1896 exuli
895 1848 1042 1910 longa
1072 1848 1276 1911 posthac
1303 1850 1421 1897 vita‘
1436 1847 1547 1897 fuit:
1574 1853 1729 1896 morte

57 1918 252 1966 fortuita
278 1931 336 1964 an
364 1931 454 1980 per
482 1931 717 1965 venenum
747 1918 986 1964 extinctus
1012 1925 1167 1979 esset,
1207 1924 1256 1965 ut
1280 1919 1483 1982 quisque
1510 1916 1729 1978 credidit,

58 1986 341 2050 vulgavere.
401 1985 462 2034 de
495 1985 841 2034 mathematicis
878 1985 1014 2034 Italia
1051 1986 1289 2049 pellendis
1322 1986 1498 2035 factum
1537 1992 1730 2033 senatus

61 2056 327 2104 consultum
354 2063 496 2104 atrox
524 2063 570 2104 et
598 2056 800 2103 inritum.
848 2054 1025 2103 laudati
1051 2054 1225 2104 dehinc
1252 2057 1473 2104 oratione
1496 2055 1728 2118 principis
1747 2068 1793 2102 10

61 2126 139 2190 qui
169 2125 229 2174 ob
257 2126 502 2188 angustias
526 2125 787 2174 familiares
812 2123 981 2173 ordine
1008 2126 1253 2173 senatorio
1283 2131 1461 2189 sponte
1483 2122 1728 2186 cederent,

58 2195 270 2259 motique
298 2195 377 2258 qui
404 2194 692 2244 remanendo
718 2193 1039 2258 inpudentiam
1067 2196 1336 2257 paupertati
1366 2193 1630 2258 adicerent.

165 2265 248 2314 53.
284 2264 414 2312 Inter
439 2278 563 2328 quae
587 2264 739 2312 refert
764 2262 823 2312 ad
849 2271 1012 2328 patres
1039 2262 1098 2311 de
1122 2277 1279 2327 poena
1304 2264 1585 2312 feminarum
1606 2276 1729 2326 quae

61 2334 216 2383 servis
243 2333 675 2396 coniungerentur;
715 2335 1058 2398 statuiturque,
1102 2340 1151 2381 ut
1178 2334 1347 2396 ignaro
1378 2332 1570 2381 domino
1597 2331 1656 2381 ad
1682 2330 1730 2379 id

60 2403 320 2467 prolapsae
358 2404 405 2450 in
440 2404 702 2464 servitute,
732 2402 804 2450 sin
841 2403 1195 2466 consensisset,
1238 2417 1327 2467 pro
1355 2401 1543 2450 libertis
1580 2400 1727 2449 habe-

60 2479 235 2520 rentur.
289 2471 523 2534 Pallanti,
562 2486 702 2536 quem
738 2479 1040 2537 repertorem
1081 2473 1182 2521 eius
1217 2472 1468 2520 relationis
1511 2470 1730 2518 ediderat

62 2539 268 2604 Caesar,
306 2542 549 2605 praetoria
585 2542 790 2603 insignia
829 2548 876 2589 et
914 2542 1129 2590 centiens
1163 2541 1514 2605 quinquagiens
1551 2545 1769 2586 sester-5

60 2611 173 2659 tium
219 2611 403 2659 censuit
443 2611 609 2659 consul
657 2610 936 2674 designatus
976 2610 1129 2658 Barea
1176 2611 1404 2658 Soranus.
1457 2607 1662 2656 additum
1705 2621 1731 2655 a

63 2680 290 2745 Scipione
317 2679 543 2729 Cornelio
571 2687 738 2743 grates
764 2679 958 2743 publice
989 2678 1228 2741 agendas,
1257 2677 1384 2742 quod
1412 2676 1611 2740 regibus
1638 2676 1730 2724 Ar-

63 2749 227 2799 cadiae
263 2756 395 2799 ortus
428 2751 733 2798 veterrimam
766 2747 1061 2797 nobilitatem
1094 2748 1198 2796 usui
1235 2746 1431 2810 publico
1464 2753 1730 2810 postpone-

60 2825 135 2867 ret
177 2834 325 2883 seque
361 2820 486 2867 inter
528 2819 770 2867 ministros
809 2818 1042 2882 principis
1077 2816 1243 2865 haberi
1282 2818 1476 2863 sineret.
1526 2815 1728 2863 adseve-

61 2888 183 2935 ravit
226 2886 451 2937 Claudius
491 2895 765 2937 contentum
806 2886 994 2937 honore
1045 2886 1308 2935 Pallantem
1350 2886 1470 2933 intra
1518 2885 1729 2949 priorem
1749 2895 1789 2928 10
