1982 3216
162 200 260 239 XIV
642 198 1096 236 COMMENTARIUS
1133 197 1412 237 CRITICUS.

833 369 1048 416 LIBER
1073 369 1172 416 III.

306 468 360 526 1,
400 478 422 519 1
460 471 532 515 Ab
575 483 771 515 excessu
817 470 912 515 diui
953 469 1150 526 augusti.
1216 468 1338 514 Nihil
1386 464 1395 534 Ι
1446 477 1472 518 5
1509 471 1704 530 cuique,
1745 473 1867 519 unde

169 540 354 584 Wurm:
387 545 436 584 ut
472 540 639 598 cuique
676 554 711 584 s.
745 539 791 584 G.
820 539 927 597 stip.
956 539 1138 583 fuerant
1180 534 1186 600 Ι
1230 544 1258 588 9
1285 539 1477 599 adpulsu
1511 538 1596 601 (ad
1627 542 1867 601 adpulsum

159 611 224 668 D)
258 606 266 672 Ι
301 615 358 657 10
382 610 495 654 mari
525 609 582 653 M

301 675 358 736 2,
396 685 425 728 3
457 679 606 724 munia
641 677 707 723 Ri
747 674 754 740 Ι
798 683 853 727 12
879 678 936 722 Μ.
975 673 1198 723 Aurelius
1234 679 1509 724 Panvinius:
1561 693 1602 726 o.
1643 681 1866 740 aurelius,

157 750 222 808 cf.
243 749 532 794 Mommsenii
554 749 677 792 anal.
698 748 998 806 epiqrapkica
1023 749 1068 792 in
1094 747 1249 807 Leipz.
1273 747 1488 793 Berichte
1507 746 1672 810 (1849)
1695 750 1741 808 1,
1762 755 1862 800 290.

298 817 359 876 3,
394 823 423 865 4
458 831 549 862 non
585 818 630 862 in
667 818 830 863 diurna
873 817 1064 868 Wurm;
1098 823 1146 861 at
1180 823 1247 862 est
1276 820 1450 876 species
1475 822 1724 878 zeuqmatis
1753 821 1866 865 etin

157 901 219 934 ex
266 888 387 947 apud
430 887 672 946 coyitando
715 888 1012 945 repetendum
1025 906 1039 937 ,·
1083 900 1192 931 nam
1225 890 1505 934 notissimum
1541 893 1609 934 est
1645 889 1864 945 Tacitum,

156 970 468 1017 quaecumque
493 962 560 1002 est
575 959 793 1002 orationis
815 957 994 1016 forma,
1008 959 1379 1015 praepositiones
1396 971 1488 1004 non
1506 959 1655 1005 solere
1671 961 1868 1010 iterare;

156 1043 197 1074 v.
223 1027 365 1086 Nipp.
396 1028 460 1072 ad
490 1032 544 1085 2,
583 1032 639 1076 68
680 1020 691 1091 Ι
732 1032 762 1075 8
785 1028 1029 1087 praeferre
1054 1026 1128 1072 He
1151 1027 1283 1073 haud
1304 1030 1397 1073 scio
1423 1042 1485 1073 an
1510 1034 1655 1086 recte,
1688 1034 1740 1074 ut
1762 1029 1866 1076 visu

153 1111 243 1156 pro
281 1098 428 1142 dativo
465 1099 672 1155 accipias
713 1090 721 1160 Ι
764 1103 791 1146 9
825 1097 1066 1156 Augustae
1096 1097 1234 1142 Kritz
1265 1103 1309 1143 et
1339 1098 1409 1148 D,·
1450 1104 1499 1143 at
1534 1099 1642 1144 dicit
1684 1099 1866 1144 Tacitus

156 1168 399 1212 Antoniam
425 1169 633 1226 exemplo
662 1166 831 1211 Tiberii
863 1167 1189 1225 etAuqustae,
1229 1182 1319 1213 non
1353 1168 1410 1212 ab
1443 1170 1555 1226 ipsis
1582 1170 1677 1215 sive
1707 1181 1865 1214 eorum

154 1239 287 1282 iussu
312 1237 547 1300 cohibitam
571 1249 686 1286 esse.

301 1304 360 1364 5,
400 1314 425 1355 5
453 1307 779 1365 Liviorumque
805 1305 861 1350 M
882 1311 926 1350 et
955 1306 994 1350 L
1037 1301 1044 1369 Ι
1088 1314 1140 1357 11
1178 1308 1360 1366 quando
1386 1307 1443 1352 M
1470 1306 1477 1367 Ι
1513 1313 1566 1355 12
1597 1308 1765 1354 fratres
1791 1307 1830 1352 L
1855 1311 1864 1363 Ι

159 1383 216 1426 13
241 1377 532 1436 propositam
560 1376 617 1421 M
624 1391 639 1421 .··
683 1376 1001 1436 praepositam
1040 1376 1169 1422 haud
1200 1381 1293 1422 scio
1321 1391 1384 1422 an
1418 1382 1561 1431 recte,
1593 1383 1643 1422 ut
1676 1379 1736 1422 sit
1761 1382 1866 1423 toro

156 1448 335 1492 dativus
377 1451 420 1492 et
455 1449 604 1505 imayo
638 1458 775 1491 cerea
810 1447 919 1491 lecto
957 1446 1152 1505 funebri
1186 1448 1525 1506 superinposita
1566 1447 1864 1506 intellegatur,

156 1519 305 1576 qualis
329 1516 524 1575 Auqusti
550 1516 761 1575 defuncti
780 1515 937 1560 habitu
961 1516 1230 1575 triumphali
1255 1517 1594 1570 ostentabatur,·
1618 1531 1659 1563 v.
1679 1517 1766 1564 Dio
1791 1522 1867 1574 56,

156 1591 214 1635 34
245 1581 252 1650 Ι
286 1584 316 1633 6
334 1621 346 1643 ,
384 1592 410 1635 9
438 1586 749 1632 absterserint
771 1586 812 1631 A

300 1654 359 1713 7,
397 1661 424 1703 2
463 1656 626 1702 animis
662 1670 746 1716 spe
782 1657 1015 1715 petendae
1054 1657 1117 1702 F.-
1158 1656 1322 1704 animis
1356 1657 1601 1717 petendae.
1641 1657 1721 1704 ‘Ut
1755 1656 1870 1702 nihil

156 1727 306 1771 dicam
349 1725 406 1771 de
447 1731 682 1771 structura
725 1727 956 1782 insolenti,
998 1741 1136 1786 quam
1171 1727 1314 1785 Nipp.
1348 1727 1413 1771 ad
1446 1730 1497 1786 2,
1543 1729 1605 1773 59
1646 1727 1869 1786 exemplis

157 1796 445 1841 dissimilibus
479 1807 712 1841 excusare
739 1800 928 1840 conatus
957 1803 1045 1852 est,
1081 1798 1332 1843 emendatio
1357 1797 1683 1842 Freinskeimii
1707 1809 1861 1842 neces·

157 1868 287 1911 saria
311 1866 555 1921 videbitur,
588 1868 629 1910 si
650 1869 736 1911 vim
757 1867 997 1926 verborum
1023 1881 1048 1912 e
1064 1881 1087 1912 r
1103 1882 1127 1912 e
1142 1868 1255 1913 etis
1291 1866 1454 1912 animis
1478 1868 1772 1926 spectaveris.

299 1933 356 1992 8,
396 1943 452 1984 10
481 1936 578 1982 eia
604 1936 667 1980 L.-
709 1941 804 1982 eta
838 1930 845 1999 Ι
879 1933 937 1995 9,
968 1942 996 1985 3
1021 1937 1153 1982 dein:
1194 1937 1301 1981 inde
1337 1937 1523 1993 Wurm,
1560 1950 1600 1982 v.
1625 1941 1678 1994 2,
1712 1940 1769 1985 68
1801 1930 1807 1999 Ι
1838 1941 1868 1985 6

158 2005 416 2064 suspicioni
448 2005 493 2050 P
520 1999 527 2069 Ι
563 2012 621 2057 11,
638 2006 761 2051 festo
787 2005 826 2050 L

303 2073 393 2133 11,
428 2080 457 2123 4
482 2077 527 2121 L.
554 2075 659 2121 Nic.
686 2075 866 2120 Faber.-
892 2076 941 2121 T.
975 2070 982 2136 Ι
1014 2077 1059 2122 L.
1078 2075 1311 2121 Vinicium
1328 2076 1397 2121 N.-
1434 2075 1672 2120 fulnicium
1705 2070 1711 2137 Ι
1745 2080 1772 2124 6
1791 2073 1863 2121 Μ’.

156 2146 407 2206 Borqlzesi:
443 2160 498 2190 m.
542 2141 549 2207 Ι
593 2151 620 2195 9
646 2145 860 2192 Tiberius
886 2146 949 2191 P.-
989 2146 1201 2191 tiberius.
1231 2159 1286 2191 ae
1318 2150 1582 2204 praemeret
1622 2140 1628 2207 Ι
1674 2145 1715 2191 is
1745 2146 1867 2191 haud

159 2215 275 2262 alias
302 2216 527 2261 intentior
553 2213 643 2276 (sc.
676 2211 830 2275 erat),
868 2216 1067 2275 populus
1092 2216 1137 2260 P
1164 2216 1473 2272 interpunxit.-
1511 2215 1552 2259 is
1579 2216 1663 2258 del.
1690 2215 1757 2270 A,
1792 2215 1865 2260 his

156 2287 227 2331 vel
258 2285 318 2331 iis
345 2286 448 2342 alii,
490 2287 572 2343 qui
604 2290 823 2330 commate
854 2288 1017 2330 omisso
1054 2284 1277 2330 intentior
1311 2285 1374 2328 ad
1405 2285 1605 2343 populus
1633 2283 1867 2343 referunt,-

157 2354 222 2413 cf.
248 2360 303 2412 6,
335 2361 414 2403 50:
454 2368 669 2401 sermone
696 2368 752 2400 ac
782 2355 908 2400 vultu
937 2355 1140 2399 intentus
1166 2366 1231 2400 sc.
1262 2353 1483 2399 Tiberius.

303 2421 395 2483 12,
432 2431 458 2474 9
483 2438 574 2470 non
602 2425 646 2470 vi
675 2425 771 2469 Fa.-
798 2424 931 2477 noui;
967 2424 1034 2483 cf.
1061 2431 1113 2477 5,
1139 2431 1164 2472 5

302 2493 392 2553 14,
428 2500 455 2541 2
483 2494 650 2554 cuique
676 2495 745 2539 R.-
783 2494 856 2539 cui
890 2490 897 2557 Ι
931 2494 1058 2540 visus
1079 2494 1124 2538 P
1154 2487 1161 2555 Ι
1195 2498 1250 2541 12
1274 2494 1486 2538 lacunam
1511 2494 1723 2539 indicavit
1746 2493 1864 2539 Fer-

157 2570 299 2610 rettus
332 2564 339 2624 Ι
373 2570 428 2615 16
453 2565 750 2610 devellebant
776 2565 822 2608 E

304 2632 394 2692 16,
434 2641 489 2682 10
528 2639 810 2694 conquestus
849 2669 858 2679 .
890 2668 899 2678 .
938 2634 1067 2679 iubet
1105 2633 1416 2691 supplevimus
1455 2634 1864 2680 Weissenbornium

157 2707 322 2756 secuti,
349 2707 428 2762 qui
454 2709 604 2749 tamen
631 2707 763 2749 etiam
790 2704 835 2748 in
861 2708 1068 2749 senatum
1092 2709 1197 2761 post
1226 2703 1355 2748 iubet
1383 2703 1571 2748 addidit.

307 2771 396 2830 17,
431 2781 487 2821 10
512 2775 709 2832 proinde
738 2774 806 2818 R.-
834 2774 1029 2833 perinde
1062 2768 1071 2837 Ι
1105 2778 1160 2821 13
1186 2774 1327 2829 haec,
1363 2773 1447 2817 sed
1469 2787 1494 2818 e
1514 2777 1736 2831 punctam
1766 2766 1775 2835 Ι
1808 2777 1864 2819 22

159 2842 454 2902 relegaretur
479 2843 540 2887 L.-
570 2845 797 2901 religatur

305 2908 397 2970 18,
436 2918 463 2960 3
499 2913 586 2957 Iuli
627 2913 682 2957 L.-
741 2913 841 2957 iulii
887 2906 893 2975 Ι
934 2918 963 2960 8
1004 2912 1192 2957 ultionis
1229 2911 1346 2956 Hm.-
1393 2912 1585 2965 ultioni;
1633 2917 1736 2956 erat
1775 2925 1862 2955 ara
