1976 3224
616 193 790 229 LIBER
826 193 887 229 11.
927 192 1052 230 CAP.
1094 191 1315 234 16—21.
1738 183 1808 233 49

45 333 51 344 ¹
129 325 341 389 rapiunt3
383 321 556 388 plebes
597 321 866 384 primoreS,
906 321 1125 368 iuventus
1160 335 1517 389 senesagmen
1541 321 1808 369 Romanum

130 401 330 459 repente
355 393 626 452 incursant,
656 389 858 439 turbant.
912 397 1160 453 postremo
1189 390 1403 453 deligunt
1429 392 1589 439 locum
1616 389 1805 438 flumine
1827 410 1849 443 5

130 472 178 513 et
215 463 350 511 silvis
388 462 633 522 clausum,
672 466 773 518 arta
808 460 932 507 intus
972 460 1168 523 planitie
1207 468 1255 508 et
1290 461 1469 510 umida:
1506 461 1654 508 silvas
1689 474 1806 524 quo-

131 549 227 598 que
272 531 508 596 profunda
545 529 683 594 palus
709 525 940 591 ambibat,
976 531 1066 576 nisi
1093 529 1220 593 quod
1247 530 1370 578 latus
1398 546 1537 578 unum
1567 530 1806 591 Angriva-

130 605 186 652 rii
216 602 316 650 -lato
349 614 534 664 aggere
557 599 853 660 extulerant,
883 613 978 662 quo
1005 614 1032 646 a
1057 598 1317 648 Cheruscis
1337 599 1686 648 dirimerentur.
1729 599 1809 647 hic

129 672 294 737 pedes·
317 669 517 718 adstitit:
560 670 769 732 equitem
800 670 1085 732 propinquis
1113 669 1235 717 lucis
1266 677 1435 729 texere
1454 708 1467 734 ,
1496 677 1545 717 ut
1570 669 1808 732 ingressis

130 742 299 790 silvam
327 738 601 801 legionibus
630 754 656 787 a
681 746 823 800 tergo
850 738 995 786 foret.
1812 763 1854 798 10

235 809 318 859 20.
367 809 495 857 Nihil
554 824 616 855 ex
666 808 738 855 his
783 805 981 856 Caesari
1024 809 1341 871 incognitum:
1403 810 1606 858 consilia
1648 808 1807 871 locOS,

129 885 352 945 prompta
386 877 578 927 occulta
615 883 817 926 noverat
842 885 1069 941 astusque
1095 877 1300 926 hostium
1326 879 1373 927 in
1399 880 1663 943 perniciem
1688 879 1809 942 ipsis

130 948 364 999 vertebat.
425 948 540 996 Seio
569 946 814 996 Tuberoni
853 947 1017 1010 legato
1055 947 1197 996 tradit
1225 949 1433 1013 equitem
1464 963 1807 1013 campumque;

130 1019 340 1085 peditum
368 1019 520 1068 aciem
545 1019 610 1065 ita
635 1017 884 1080 instruxit,
913 1024 962 1065 ut
987 1032 1100 1081 pars
1127 1019 1358 1086 aequo-in
1382 1018 1552 1067 silvam
1581 1018 1708 1067 aditu
1741 1018 1808 1065 in-

131 1089 354 1151 cederet,
400 1103 512 1151 pars
553 1086 794 1135 obiectum
830 1102 1065 1149 aggerem
1104 1089 1393 1145 eniteretur;
1443 1088 1573 1152 quod
1614 1087 1848 1141 arduum5

132 1159 245 1222 sibi,
283 1165 447 1206 cetera
476 1157 652 1219 legatis
679 1157 908 1219 permisit.
969 1156 1140 1220 quibus
1166 1158 1310 1221 plana
1339 1165 1628 1220 evenerant,
1664 1157 1810 1206 facilc

129 1231 383 1292 inrupere:
413 1227 518 1290 quis
542 1226 877 1290 inpugnandus
905 1241 1087 1289 agger,
1112 1235 1162 1275 ut
1187 1229 1227 1276 si
1262 1243 1442 1276 murum
1471 1227 1810 1288 succederent,

130 1296 360 1361 gravibus
391 1311 599 1360 superne
626 1295 800 1343 ictibus
832 1295 1240 1345 conflictabantur.
1299 1300 1448 1346 sensit
1474 1298 1567 1346 dux
1594 1299 1812 1361 inparem

132 1369 392 1416 comminus
432 1381 639 1429 pugnam
674 1366 971 1429 remotisque
1009 1366 1200 1429 paulum
1234 1368 1509 1430 legionibus
1543 1367 1810 1416 funditores

132 1437 472 1499 libritoresque
508 1442 739 1483 excutere
771 1435 868 1484 tela
897 1443 944 1483 et
970 1436 1256 1499 proturbare
1282 1437 1471 1486 hostem
1503 1436 1648 1484 iubet.
1700 1437 1808 1483 mis·
1829 1450 1869 1484 ιο

132 1522 215 1555 sae
259 1521 284 1553 e
327 1506 575 1553 tormentis
614 1505 808 1568 hastae,
853 1512 1125 1569 quantoque
1168 1508 1418 1570 conspicui
1451 1508 1604 1568 magis
1630 1520 1809 1570 propu-

132 1582 391 1639 gnatoreS,
433 1581 565 1623 tanto
605 1574 819 1638 pluribus
857 1574 1137 1623 vulneribus
1172 1576 1362 1625 deiecti.
1422 1578 1602 1641 primus
1630 1573 1812 1624 Caesar

133 1661 237 1694 cum
273 1646 531 1710 praetoriis
571 1644 851 1693 cohortibus
889 1651 1033 1708 capto
1072 1645 1200 1693 vallo
1234 1645 1365 1695 dedit
1392 1648 1619 1710 impetum
1650 1646 1695 1692 in
1731 1644 1810 1692 sil-

134 1731 242 1771 vas;
294 1715 485 1763 conlato
532 1714 632 1762 illic
669 1714 822 1777 gradu
865 1721 1111 1762 certatum.
1182 1715 1370 1764 hostem
1396 1732 1423 1765 a
1464 1724 1606 1778 tergo
1654 1714 1811 1779 palus,

132 1785 374 1833 Romanos
402 1784 576 1832 flumen
615 1791 693 1832 aut
719 1791 907 1832 montes
936 1783 1248 1834 claudebant:
1286 1788 1502 1850 utrisque
1539 1786 1868 1833 necessitas15

133 1854 180 1901 in
205 1854 346 1916 loco,
376 1868 491 1917 spes
517 1855 564 1900 in
588 1854 785 1915 virtute,
808 1854 936 1902 salus
962 1869 1024 1911 ex
1052 1856 1269 1905 victoria.

237 1923 321 1970 21.
365 1922 469 1970 Nec
507 1925 659 1970 minor
687 1923 934 1972 Germanis
970 1924 1174 1987 animus,
1212 1925 1299 1973 sed
1326 1939 1510 1988 genere
1538 1939 1732 1989 pugnae
1764 1931 1812 1971 et

136 2007 372 2042 armorum
426 1991 802 2056 superabantur,
853 2007 958 2040 cum
1011 1994 1184 2056 ingens
1229 1995 1477 2043 multitudo
1521 1996 1636 2043 artis
1686 1994 1810 2041 locis

137 2062 431 2126 praelongas
453 2061 614 2110 hastas
635 2077 731 2111 non
752 2062 1090 2126 protenderet,
1120 2074 1215 2111 non
1239 2064 1525 2127 colligeret,
1554 2078 1710 2125 neque
1732 2061 1810 2111 ad-

137 2131 338 2180 sultibus
385 2139 433 2180 et
470 2131 730 2180 velocitate
769 2146 1028 2195 corporum
1067 2140 1305 2196 uteretur,
1355 2141 1525 2182 coacta
1551 2131 1724 2181 stabile
1753 2130 1812 2180 ad

135 2201 398 2266 proelium;
440 2209 603 2250 contra
630 2201 795 2263 mileS,
825 2202 899 2249 cui
925 2208 1119 2250 scutum.
1137 2205 1324 2266 pectori
1354 2203 1635 2268 adpressum
1666 2208 1713 2249 et
1742 2202 1809 2248 in·
1833 2218 1853 2251 5

136 2270 296 2319 sidens
341 2271 514 2335 capulo
545 2285 736 2334 manus,
777 2271 902 2320 latos
931 2270 1243 2321 barbarorum
1270 2280 1424 2335 artuS,
1462 2272 1584 2323 nuda
1618 2286 1703 2319 ora
1739 2271 1811 2319 fo-

139 2340 276 2389 deret
313 2343 533 2404 viamque
571 2348 735 2404 strage
771 2341 976 2390 hostium
1015 2343 1251 2406 aperiret,
1293 2344 1569 2407 inprompto
1592 2343 1684 2389 iam
1709 2339 1808 2389 Ar-

135 2410 368 2459 minioob
391 2413 615 2459 continua
635 2411 866 2475 pericula,
889 2412 991 2460 sive
1017 2412 1148 2460 illum
1167 2427 1343 2460 recens
1365 2420 1619 2476 acceptum
1640 2410 1810 2457 vulnus

137 2479 424 2529 tardaverat.
466 2481 576 2543 quin
597 2488 644 2527 et
662 2479 1030 2545 Inguiomerum,
1051 2488 1151 2530 tota
1172 2482 1450 2531 volitantem
1467 2481 1597 2543 acie,
1621 2481 1811 2527 fortuna

138 2550 290 2612 magis
327 2564 466 2612 quam
504 2550 656 2596 virtus
684 2550 955 2599 deserebat.
1019 2559 1067 2599 et
1093 2550 1402 2601 Germanicus
1431 2566 1525 2615 quo
1552 2550 1703 2612 magis
1731 2547 1809 2596 ad·
1827 2562 1868 2596 ιο

140 2627 483 2681 gnosceretur,
525 2618 799 2667 detraxerat
835 2621 1045 2682 tegimen
1071 2622 1215 2684 capiti
1244 2621 1508 2683 orabatque
1533 2620 1812 2667 insisterent

141 2687 393 2736 caedibus:
423 2688 488 2735 nil
514 2702 636 2751 opus
660 2689 890 2751 captivis,
919 2690 1072 2737 solam
1102 2691 1467 2738 internicionem
1487 2690 1646 2751 gentis
1668 2688 1812 2735 finem

141 2755 274 2805 bello
300 2758 423 2805 fore.
451 2759 637 2821 iamque
665 2772 776 2806 sero
799 2757 893 2805 diei
913 2758 1132 2806 subducit
1153 2774 1212 2806 ex
1240 2760 1346 2807 acie
1367 2759 1610 2821 legionem
1632 2757 1810 2805 facien-

142 2824 213 2873 dis
254 2828 448 2875 castris:
481 2835 673 2876 ceterae
712 2827 770 2875 ad
805 2835 996 2876 noctem
1025 2840 1196 2876 cruore
1227 2828 1431 2877 hostium
1455 2830 1655 2877 satiatae
1687 2833 1813 2875 sunt,

145 2896 331 2958 equites
356 2895 577 2958 ambigue
605 2904 871 2946 certavere.
1832 2918 1874 2954 ις

211 2980 355 3011 ΤΛοιΤι
386 2983 501 3013 PARS
537 2984 568 3012 1.
1527 2971 1558 3015 4.
