1976 3224
533 165 705 203 LIBER
731 165 815 203 111.
844 159 981 203 “CAP.
1014 162 1214 206 67—72.
1604 157 1732 214 109,

38 297 80 345 si
115 294 311 360 propria
345 295 414 343 ira
464 307 559 341 non
604 291 959 355 impelleretur,
1019 292 1194 341 addidit
1250 292 1448 341 insulam
1499 293 1704 355 Gyarum
1742 291 1748 296 ’

39 366 246 413 inmitem
273 371 320 410 et
346 365 449 411 sine
490 361 618 410 cultu
642 360 879 409 hominum
919 376 1056 410 esse:
1098 363 1264 410 darent
1298 362 1458 411 Iuniae
1496 363 1702 412 familiae
1717 385 1760 417 20

38 442 88 483 et
121 433 226 480 viro
268 432 505 495 quondam
536 430 714 478 ordinis
749 429 988 493 eiusdem,
1031 440 1079 479 ut
1118 431 1351 492 Cythnum
1392 434 1549 495 potius
1590 448 1700 481 con·

40 502 254 552 cederet.
305 501 352 549 id
379 514 597 550 sororem
624 514 813 564 quoque
841 499 988 548 Silani
1022 500 1335 564 Torquatam,
1374 503 1564 564 priscae
1597 517 1701 550 san-

41 571 294 622 ctimoniae
341 571 600 633 virginem,
650 576 899 633 expetere.
971 570 1018 616 in
1063 569 1185 619 hanc
1236 572 1517 619 sententiam
1574 570 1703 619 facta

41 640 294 690 discessio.
1376 690 1380 694 ,
1422 690 1426 701 ᾗ

145 710 227 758 70.
261 707 376 757 Post
401 708 542 756 auditi
575 706 898 769 Cyrenenses,
926 715 973 756 et
993 715 1251 770 accusante
1274 707 1514 757 Anchario
1535 709 1701 758 Prisco

40 778 238 829 Caesius
267 776 454 826 Cordus
484 776 852 840 repetundarum
879 777 1139 826 damnatur.
1183 777 1233 825 L.
1267 777 1468 826 Ennium
1495 781 1703 842 equitem

38 849 324 910 Romanum,
363 846 623 895 maiestatis
661 846 973 910 postulatum,
1026 846 1156 910 quod
1207 846 1418 909 effigiem
1470 850 1701 914 principis

41 918 324 984 promiscum
349 916 409 965 ad
432 931 566 964 usum
591 917 776 978 argenti
803 917 1045 978 vertisset,
1070 916 1223 978 recipi
1250 915 1431 965 Caesar
1451 918 1574 965 inter
1588 933 1702 966 reos
1752 942 1754 945 ·

41 989 209 1048 vetuit,
260 986 416 1051 palam
457 993 744 1051 aspernante
790 985 934 1034 Ateio
983 983 1218 1049 Capitone
1259 987 1392 1048 quasi
1435 1001 1522 1051 per
1559 987 1743 1043 liber-5

42 1064 200 1105 tatem.
265 1070 360 1104 non
387 1057 509 1103 enim
539 1054 719 1102 debere
748 1056 868 1118 eripi
901 1053 1115 1118 patribus
1143 1055 1234 1101 vim
1272 1055 1504 1104 statuendi
1544 1072 1699 1121 neque

39 1133 213 1175 tantum
251 1124 537 1173 maleficium
577 1125 767 1188 impune
816 1123 1099 1172 habendum.
1167 1138 1281 1172 sane
1331 1125 1486 1173 lentus
1524 1127 1569 1173 in
1613 1141 1700 1174 suo

38 1195 211 1244 dolore
239 1201 395 1243 esset:
435 1195 506 1242 rei
544 1192 769 1256 publicae
811 1194 1001 1242 iniurias
1039 1208 1097 1240 ne
1135 1193 1406 1256 largiretur.
1466 1196 1704 1244 intellexit

38 1264 161 1312 haec
187 1263 434 1325 Tiberius,
476 1270 522 1310 ut
553 1270 686 1311 erant
720 1265 874 1325 magis
902 1278 1039 1326 quam
1066 1270 1115 1310 ut
1140 1261 1444 1328 dicebantur,
1475 1266 1700 1329 perstitit-

40 1348 134 1396 que
159 1326 492 1381 intercedere..
533 1330 705 1396 Capito
730 1333 1001 1395 insignitior
1022 1331 1213 1380 infamia
1234 1334 1336 1396 fuit,
1365 1334 1494 1397 quod
1513 1334 1701 1383 humani
1723 1357 1760 1389 10

39 1402 281 1466 divinique
306 1403 421 1450 iuris
449 1402 608 1450 sciens
638 1403 888 1465 egregium
914 1401 1155 1466 publicum
1195 1411 1241 1450 et
1274 1402 1428 1452 bonas
1466 1403 1590 1452 domi
1627 1419 1698 1452 ar-

38 1478 112 1520 tes
140 1471 571 1520 dehonestavisset.

145 1542 226 1589 71.
263 1540 467 1589 Incessit
504 1540 614 1588 dein
647 1540 851 1603 religio,
899 1556 1102 1604 quonam
1146 1543 1191 1588 in
1238 1541 1416 1606 templo
1449 1541 1702 1590 locandum

38 1610 167 1658 foret
192 1609 381 1672 donum,
410 1610 538 1675 quod
569 1625 657 1675 pro
677 1610 957 1659 ‘valetudine
994 1611 1245 1674 Augustae
1278 1612 1466 1675 equites
1501 1612 1701 1660 Romani

41 1687 274 1736 voverant
323 1681 535 1744 equestri
592 1679 855 1728 Fortunae:
901 1696 1006 1729 nam
1052 1682 1141 1729 etsi
1183 1679 1381 1729 delubra
1427 1683 1528 1729 eius
1581 1681 1701 1729 deae

39 1748 183 1797 multa
216 1750 262 1796 in
287 1748 426 1811 urbe,
451 1749 628 1797 nullum
654 1757 810 1798 tamen
835 1750 917 1798 tali
945 1757 1264 1814 cognomento
1293 1758 1410 1799 erat.
1459 1758 1704 1815 repertum

43 1824 116 1866 est
145 1817 310 1866 aedem
347 1833 458 1866 esse
484 1819 609 1881 apud
637 1819 855 1880 Antium,
898 1835 1020 1883 quae
1056 1822 1124 1868 sic
1167 1828 1551 1884 nuncuparetur,
1591 1835 1700 1868 cun·
1726 1844 1745 1875 5

43 1893 242 1950 ctasque
280 1888 592 1935 caerimonias
627 1887 805 1936 Italicis
844 1890 889 1934 in
931 1889 1121 1953 oppidis
1159 1890 1434 1953 templaque
1473 1897 1520 1937 et
1557 1891 1701 1937 numi-

42 1970 151 2003 num
188 1955 378 2018 efiigies
413 1957 527 2003 iuris
572 1963 713 2019 atque
758 1958 944 2019 imperii
988 1958 1187 2006 Romani
1231 1973 1357 2006 esse.
1424 1959 1487 2007 ita
1532 1958 1704 2007 donum

43 2024 169 2089 apud
196 2024 387 2073 Antium
415 2027 643 2073 statuitur.
695 2033 742 2073 et
770 2028 990 2090 quoniam
1018 2027 1076 2075 de
1117 2026 1431 2089 religionibus
1468 2027 1703 2076 tractaba-

40 2101 140 2157 tur,
177 2093 367 2143 dilatum
393 2109 546 2158 nuper
579 2109 864 2158 responsum
901 2097 1131 2144 adversus
1169 2097 1384 2144 Servium
1409 2097 1703 2159 Maluginen-

43 2178 144 2211 sem
170 2163 403 2212 flaminem
425 2163 610 2212 Dialem
639 2167 876 2228 prompsit
901 2165 1082 2215 Caesar
1105 2166 1419 2231 recitavitque
1458 2166 1702 2217 decretum
1723 2188 1762 2221 ιο

45 2234 349 2298 pontificum,
387 2234 608 2297 quotiens
643 2234 868 2282 valetudo
906 2235 1108 2284 adversa
1145 2236 1379 2284 flaminem
1416 2235 1602 2284 Dialem
1636 2237 1702 2283 in·

47 2304 277 2351 cessisset
303 2307 352 2351 et
373 2310 423 2350 ut
450 2303 689 2366 pontilicis
716 2306 902 2353 maximi
931 2305 1127 2354 arbitrio
1153 2305 1262 2370 plus
1290 2321 1428 2370 quam
1445 2306 1703 2354 binoctium

44 2369 255 2434 abesset,
285 2372 391 2419 dum
416 2387 477 2419 ne
522 2372 902 2438 diebuspublici
941 2375 1164 2424 sacrificii
1198 2390 1290 2423 neu
1329 2376 1522 2440 saepius
1567 2391 1704 2439 quam

44 2438 118 2488 bis
162 2440 362 2488 eundem
409 2442 455 2487 in
500 2456 693 2498 annum;
748 2458 869 2506 quae
915 2446 1130 2509 principe
1183 2444 1404 2508 Augusto
1451 2447 1704 2493 constituta

46 2510 159 2558 satis
199 2509 516 2558 ostendebant
550 2526 747 2559 annuam
787 2513 1047 2563 absentiam
1091 2522 1139 2562 et
1179 2516 1534 2578 provinciarum
1562 2514 1703 2561 admi·
1725 2528 1762 2559 15

44 2578 371 2643 nistrationem
398 2578 614 2627 Dialibus
641 2595 732 2629 non
766 2583 983 2631 concedi.
1039 2583 1486 2647 memorabaturque
1524 2583 1574 2631 L.
1604 2584 1702 2632 Me-

46 2647 149 2695 telli
177 2650 417 2712 pontilicis
447 2650 634 2697 maximi
661 2651 962 2714 exemplum,
1003 2653 1080 2715 qui
1110 2652 1280 2700 Aulum
1309 2653 1596 2701 Postumium
1622 2653 1701 2701 ila-

46 2717 215 2765 minem
254 2719 533 2766 attinuisset,
591 2720 652 2767 ita
690 2735 797 2769 sors
833 2720 979 2769 Asiae
1023 2723 1067 2768 in
1114 2736 1217 2768 eum
1263 2723 1342 2785 qui
1387 2722 1703 2770 consularium

51 2783 364 2847 Maluginensi
391 2789 635 2850 proximus
663 2797 763 2837 erat
790 2790 993 2838 conlata.

154 2855 234 2902 72.
274 2855 429 2904 Isdem
455 2857 622 2905 diebus
648 2858 853 2922 Lepidus
882 2858 939 2908 ab
976 2867 1141 2907 senatu
1170 2863 1336 2923 petivit
1372 2869 1421 2910 ut
1458 2862 1703 2911 basilicam
