1976 3224
202 168 268 216 72
620 183 896 220 coRNnLn
923 184 1120 223 TACITI
1147 187 1450 226 ANNAMUM

191 320 346 355 meam
381 307 640 359 fovebatis.
716 310 954 359 ostendite
1007 313 1188 377 populo
1242 314 1458 365 Romano
1513 317 1610 366 divi
1658 319 1870 384 Augusti

191 383 385 441 neptem
415 378 713 443 eandemque
747 380 1000 443 coniugem
1035 397 1215 446 meam,
1256 393 1501 434 numerate
1537 402 1627 436 sex
1661 387 1862 440 liberos.

191 446 522 496 misericordia
566 463 671 496 cum
709 449 1043 498 accusantibus
1083 453 1197 515 erit,
1231 453 1616 520 fingentibusque
1652 459 1866 509 scelesta

132 535 174 568 20
191 514 408 564 mandata
444 524 522 565 aut
551 533 648 566 non
687 517 884 566 credent
923 519 1140 569 homines
1178 529 1255 570 aut
1283 537 1380 571 non
1404 525 1695 587 ignoscent.'
1739 528 1861 578 iura-

189 599 307 632 vere
344 586 509 649 amici,
548 586 764 635 dextram
795 588 1044 637 morientis
1086 591 1451 656 contingenteS,
1500 595 1717 659 spiritum
1751 605 1864 646 ante

191 668 329 717 quam
357 655 586 704 ultionem
614 658 890 704 amissuros.
1666 673 1675 682 ·

294 722 378 770 72.
396 724 533 773 ·Tum
560 725 619 774 ad
643 739 844 774 uxorem
872 742 1042 776 versus
1069 743 1157 792 per
1183 732 1459 784 memoriam
1485 733 1586 796 sui,
1613 749 1702 797 per
1730 749 1858 783 com-

187 807 353 840 munes
393 793 580 845 liberos
607 791 797 857 oravit,
836 804 1038 845 exueret
1070 798 1331 863 ferociam,
1371 803 1605 850 saevienti
1638 803 1861 861 fortunae

187 861 487 911 submitteret
514 865 735 927 animum,
762 879 855 912 neu
883 881 1112 928 regressa
1143 868 1190 915 in
1220 869 1386 918 urbem
1410 871 1730 920 aemulatione
1771 887 1856 937 po·

184 932 365 979 tentiae
390 932 652 981 validiores
677 934 907 982 inritaret.
955 935 1079 984 haec
1104 936 1259 1000 palam
1285 946 1333 986 et
1373 939 1465 989 alia
1506 948 1732 1002 secret0,
1771 957 1861 1006 per

142 1023 161 1053 5
187 1015 308 1064 quae
338 1002 598 1050 ostendere
626 1002 916 1051 credebatur
941 1012 1115 1053 metum
1153 1021 1215 1054 ex
1241 1006 1453 1056 Tiberio.
1514 1024 1673 1073 neque
1709 1011 1861 1059 multo

184 1078 299 1134 post
324 1072 633 1134 extinguitur,
663 1073 846 1134 ingenti
878 1073 1006 1121 luctu
1035 1076 1318 1138 provinciae
1346 1085 1394 1125 et
1424 1079 1858 1127 circumiacentium

182 1140 488 1204 populorum.
540 1140 791 1189 indoluere
836 1149 1033 1191 exterae
1072 1146 1291 1193 nationes
1318 1162 1592 1211 regesque:
1633 1155 1761 1196 tanta
1789 1149 1857 1197 illi

184 1210 383 1257 comitas
411 1211 458 1258 in
487 1211 678 1274 sociOS,
722 1212 1035 1260 mansuetudo
1072 1214 1119 1262 in
1156 1213 1334 1273 hostis;
1375 1217 1578 1281 visuque
1618 1224 1665 1264 et
1698 1217 1857 1266 auditu

180 1281 311 1327 iuxta
339 1280 660 1342 venerabilis,
701 1295 806 1327 cum
838 1282 1209 1343 magnitudinem
1247 1291 1293 1332 et
1326 1286 1614 1347 gravitatem
1648 1301 1858 1336 summae

124 1372 164 1404 10
183 1349 406 1397 fortunae
437 1352 694 1412 retineret,
721 1350 944 1399 invidiam
973 1359 1020 1399 et
1046 1351 1376 1415 adrogantiam
1403 1355 1658 1417 effugerat.

286 1419 368 1468 73.
409 1418 569 1467 Funus
597 1419 700 1467 sine
727 1419 1010 1482 imaginibus
1038 1429 1085 1469 et
1112 1437 1291 1486 pompa
1327 1438 1416 1486 per
1456 1423 1622 1472 laudes
1661 1439 1719 1473 ac
1756 1439 1854 1472 mc·

178 1488 376 1536 moriam
407 1491 628 1537 virtutum
656 1488 758 1536 eius
791 1488 988 1537 celebre
1016 1490 1116 1538 fuit.
1171 1499 1218 1538 et
1245 1499 1380 1540 erant
1404 1494 1482 1556 qui
1512 1493 1738 1556 formam,
1775 1509 1847 1542 ae⁴

178 1565 353 1621 tatem,
383 1573 538 1620 genus
563 1559 755 1621 mortis,
794 1557 855 1606 ob
892 1560 1297 1623 propinquitatem
1334 1563 1476 1610 etiam
1515 1562 1763 1626 locorum,
1808 1564 1855 1610 in

180 1627 349 1691 quibus
395 1629 598 1690 interiit,
655 1628 816 1689 magni
871 1627 1135 1677 Alexandri
1177 1630 1288 1678 fatis
1332 1631 1671 1694 adaequarent.
1746 1646 1854 1679 nam

139 1722 157 1753 5
180 1704 432 1759 utrumque
462 1711 670 1761 corpore
699 1697 910 1759 decoro,
941 1712 1125 1759 genere
1156 1700 1357 1762 insigni,
1394 1699 1517 1748 haud
1554 1700 1747 1748 multum
1773 1701 1880 1748 tri-—

179 1766 309 1828 ginta
337 1779 486 1813 annos
513 1781 780 1827 egressum,
809 1781 1001 1814 suorum
1037 1767 1219 1815 insidiis
1254 1776 1479 1816 externas
1520 1770 1644 1816 inter
1679 1776 1855 1831 gentes

180 1835 448 1883 occidisse:
479 1834 566 1883 sed
591 1835 715 1882 hunc
734 1836 891 1883 mitem
914 1850 1032 1897 erga
1053 1838 1252 1900 amicOS,
1280 1837 1516 1885 modicum
1538 1831 1853 1903 voluptatum,

177 1918 270 1952 uno
298 1904 628 1965 matrimoniO,
659 1905 805 1951 certis
832 1904 998 1970 liberis
1025 1906 1218 1968 egisse,
1262 1921 1421 1969 neque
1457 1908 1606 1954 minus
1646 1907 1851 1971 proelia·

175 1981 357 2036 torem,
400 1975 540 2022 etiam
567 1975 607 2020 si
635 1974 1087 2022 temeritassasuerit
1123 1975 1528 2039 praepeditusque
1565 1976 1625 2024 sit
1663 1975 1852 2040 percul-

118 2062 158 2095 10
177 2058 255 2091 sas
280 2050 352 2091 tot
377 2043 597 2091 victoriis
623 2042 902 2092 Germanias
937 2044 1135 2092 servitio
1175 2059 1414 2108 premere.
1473 2045 1602 2109 quod
1639 2046 1679 2093 si
1718 2045 1854 2093 solus

175 2112 356 2162 arbiter
383 2127 559 2174 rerum,
591 2113 631 2160 si
663 2113 766 2160 iure
794 2119 842 2160 et
867 2114 1057 2160 nomine
1079 2115 1217 2176 regio
1244 2113 1432 2175 fuisset,
1460 2121 1590 2162 tanto
1619 2116 1849 2178 prompti·

174 2198 230 2230 us
257 2182 592 2231 adsecuturum
618 2181 827 2244 gloriam
858 2181 1081 2244 militiae,
1112 2190 1333 2246 quantum
1361 2183 1641 2245 clementia,
1669 2190 1848 2247 tempe-

174 2253 349 2314 rantia,
389 2253 567 2299 ceteris
605 2250 746 2299 bonis
784 2251 964 2299 artibus
997 2253 1333 2314 praestitisset.
1382 2267 1559 2315 corpus
1596 2257 1851 2315 antequam·

178 2327 472 2368 cremaretur
500 2321 719 2368 nudatum
754 2321 801 2366 in
826 2320 934 2368 foro
963 2319 1385 2383 Antiochensium,
1417 2322 1495 2383 qui
1526 2321 1663 2369 locus
1687 2321 1846 2384 sepul-

119 2410 157 2442 η,
175 2397 310 2438 turae
339 2389 684 2453 destinabatur,
716 2388 1061 2451 praetuleritne
1090 2390 1308 2436 veneficii
1336 2390 1500 2451 signa,
1520 2404 1706 2452 ,parum
1733 2404 1846 2437 con-

175 2460 312 2515 stitit;
342 2474 449 2507 nam
477 2466 525 2506 ut
554 2459 659 2521 quis
687 2457 1019 2505 misericordia
1048 2459 1093 2504 in
1115 2458 1446 2507 Germanicum
1470 2466 1517 2505 et
1538 2466 1845 2522 praesumpta

175 2530 440 2592 suspitione
484 2536 561 2575 aut
606 2527 775 2575 favore
810 2528 855 2574 in
884 2526 1106 2575 Pisonem
1134 2528 1358 2591 pronior,
1397 2527 1573 2575 diversi
1610 2529 1846 2591 interpres

174 2598 410 2647 tabantur.
1120 2655 1129 2659 Α
1767 2609 1775 2614 ’

284 2669 366 2716 74.
402 2666 731 2715 Consultatum
760 2665 871 2713 inde
899 2666 1020 2713 inter
1047 2665 1241 2727 legatos
1269 2667 1447 2728 quique
1469 2664 1546 2712 alii
1568 2671 1844 2712 senatorum

176 2736 400 2798 aderant,
444 2737 659 2799 quisnam
698 2735 866 2783 Suriae
902 2735 1264 2797 praeficeretur.
1335 2741 1382 2781 et
1431 2734 1604 2780 ceteris
1653 2733 1843 2781 modice

172 2805 314 2867 nisis,
350 2808 471 2853 inter
499 2804 689 2853 Vibium
727 2803 935 2852 Marsum
975 2810 1021 2851 et
1064 2802 1149 2861 Cn
1189 2804 1398 2850 Sentium
1433 2801 1510 2849 diu
1549 2802 1839 2865 quaesitum:

172 2873 278 2920 dein
325 2873 510 2921 Marsus
563 2874 739 2921 seniori
797 2880 843 2920 et
896 2874 1051 2920 acrius
1111 2871 1321 2919 tendenti
1361 2871 1524 2918 Sentio
1581 2871 1840 2919 concessit.
