1976 3224
235 183 332 232 134
632 193 906 233 CORNELII
937 195 1133 235 TAclTI
1162 196 1465 237 ANNALIUM

151 360 163 364 ,
233 336 392 370 curam
418 321 574 369 libens
606 329 654 370 ut
682 325 1082 386 consanguineus.
1123 332 1232 373 tunc
1264 333 1498 377 tractatae
1528 329 1895 382 Massiliensium

229 405 406 456 preces
434 391 782 456 probatumque
805 392 857 441 Ρ.
884 394 1044 442 Rutilii
1073 395 1365 459 exemplum
1409 412 1611 463 namque
1642 415 1748 448 eum
1775 401 1894 466 legi·
1945 407 1965 414 ”

172 479 213 512 20
230 461 318 509 bus
355 461 541 525 pulsum
580 462 733 511 civem
772 462 860 510 sibi
888 462 1139 524 Zmyrnaei
1177 465 1471 520 addiderant.
1525 483 1618 532 quo
1650 469 1751 518 iure
1778 473 1894 520 Vul-

231 531 380 580 catius
400 530 628 580 Moschus
656 531 765 580 exul
794 533 840 580 in
859 532 1188 583 Massilienses
1214 543 1445 600 receptus
1469 537 1595 587 bona
1616 553 1699 588 sua
1718 541 1789 589 rei
1810 557 1894 606 pu·

230 601 390 649 blicae
419 610 583 649 eorum
609 610 658 650 ut
685 603 870 666 patriae
900 604 1178 667 reliquerat.

329 672 412 719 44.
452 670 629 719 Obiere
665 686 724 719 eo
759 686 881 720 anno
911 673 1001 720 viri
1032 673 1225 722 nobiles
1261 673 1346 723 Cn.
1381 675 1609 726 Lentulus
1635 686 1683 727 et
1718 678 1769 728 L.
1796 679 1894 729 Do-

227 741 400 788 mitius,
459 740 660 789 Lentulo
709 757 855 806 super
902 743 1198 793 consulatum
1241 752 1286 793 et
1329 745 1629 811 triumphalia
1666 747 1725 797 de
1763 748 1895 799 Getis

227 809 415 872 gloriae
443 809 598 859 fuerat
623 810 748 860 bene
776 811 980 862 tolerata
1008 821 1294 878 paupertaS,
1325 814 1432 863 dein
1454 831 1655 879 magnae
1675 831 1798 883 opes
1825 820 1894 868 in-

226 887 460 928 nocenter
499 888 696 943 paratae
735 882 782 929 et
821 882 1048 938 modeste
1089 883 1295 932 habitae.
1350 883 1610 934 Domitium
1647 886 1896 937 decoravit

187 966 206 998 5
228 956 367 1014 pater
397 950 526 997 civili
558 950 689 998 bello
717 952 859 999 maris
891 959 1079 1016 potenS,
1109 952 1266 1002 donec
1292 953 1487 1003 Antonii
1516 956 1751 1020 partibuS,
1782 973 1895 1009 mox

228 1018 453 1068 Caesaris
486 1020 787 1069 misceretur.
842 1036 958 1070 avus
996 1021 1274 1072 Pharsalica
1313 1026 1418 1073 acie
1452 1039 1543 1089 pro
1572 1027 1892 1090 optumatibus

227 1088 484 1137 ceciderat.
520 1091 643 1153 ‘ipse
671 1089 889 1139 delectus
918 1092 991 1140 cui
1017 1093 1172 1140 minor
1198 1093 1434 1155 Antonia,
1475 1094 1674 1144 Octavia
1709 1098 1888 1160 genita,

179 1173 183 1180 ·
223 1159 271 1206 in
307 1159 652 1207 matrimonium
687 1159 906 1223 daretur,
958 1169 1069 1224 post
1107 1164 1322 1212 exercitu
1359 1163 1532 1212 flumen
1570 1163 1733 1219 Albim
1768 1173 1894 1216 tran-

226 1228 429 1291 scendit,
458 1228 651 1292 longius
680 1237 929 1293 penetrata
958 1230 1206 1281 Germania
1235 1247 1373 1297 quam
1397 1234 1644 1299 quisquam
1663 1236 1892 1300 priorum,

166 1312 207 1346 ιο
227 1313 407 1362 easque
439 1297 501 1345 ob
532 1315 613 1347 res
646 1299 853 1362 insignia
881 1301 1102 1366 triumphi
1135 1302 1336 1367 adeptus
1363 1311 1453 1352 est.
1503 1304 1620 1355 obiit
1647 1312 1693 1353 et
1716 1304 1769 1354 L.
1797 1305 1892 1360 An·

224 1370 398 1430 toniuS‚
428 1367 574 1416 multa
601 1369 880 1418 claritudine
906 1373 1126 1435 generiS,
1157 1372 1243 1421 sed
1267 1373 1574 1438 inprospera.
1619 1389 1727 1423 nam
1756 1369 1893 1439 patre

224 1440 327 1487 eius
363 1437 467 1486 Iulo
504 1437 714 1487 Antonio
760 1438 821 1488 ob
861 1440 1141 1490 adulterium
1177 1441 1325 1491 Iuliae
1363 1450 1518 1502 morte
1562 1445 1725 1508 punito
1767 1443 1895 1511 hunc

224 1507 474 1556 admodum
492 1507 916 1572 adulescentulum,
941 1513 1124 1560 sororis
1145 1520 1388 1576 nepotem,
1410 1512 1893 1578 seposuitAugustus

223 1579 270 1625 in
298 1579 540 1626 civitatem
565 1578 938 1643 Massiliensem,
967 1579 1046 1628 ubi
1072 1583 1239 1646 specie
1271 1581 1531 1631 studiorum
1556 1597 1730 1631 nomen
1761 1581 1893 1631 exilii

165 1656 205 1692 15
228 1654 491 1710 tegeretur.
549 1647 737 1696 habitus
780 1656 935 1698 tamen
973 1652 1205 1714 supremis
1240 1651 1420 1714 honor,
1465 1666 1674 1716 ossaque
1713 1651 1892 1700 tumulo

223 1716 532 1766 Octaviorum
558 1717 700 1765 inlata
730 1733 818 1780 per
845 1718 1090 1767 decretum
1117 1727 1326 1769 senatus.

326 1787 409 1835 45.
447 1785 603 1835 Isdem
634 1786 912 1836 consulibus
939 1788 1124 1854 facinus
1156 1798 1294 1838 atrox
1329 1790 1375 1838 in
1404 1791 1631 1839 citeriore
1659 1789 1892 1854 Hispania

222 1856 477 1904 admissum
512 1872 537 1904 a
580 1856 785 1920 quodam
824 1859 1006 1920 agresti
1044 1860 1249 1908 nationis
1281 1859 1625 1908 Termestinae.
1685 1860 1890 1923 isprae-

221 1933 371 1974 torem
405 1927 685 1990 provinciae
714 1924 764 1974 L.
796 1925 1038 1991 Pisonem,
1066 1944 1190 1992 pace
1217 1930 1526 1992 incuriosum,
1555 1945 1619 1978 ex
1641 1928 1890 1995 inproviso

220 1996 267 2043 in
294 1996 463 2045 itinere
502 1995 699 2044 adortus
732 2011 826 2045 uno
863 1996 1063 2047 vulnere
1105 2000 1149 2046 in
1185 2006 1383 2047 mortem
1410 1999 1616 2056 adfecit;
1649 2013 1706 2048 ac
1734 1999 1890 2063 perni-

182 2067 367 2114 scitate
413 2066 524 2129 equi
561 2065 826 2129 profuguS,
869 2075 1124 2132 postquam
1170 2069 1412 2118 saltuosos
1458 2068 1598 2118 locos
1650 2069 1891 2131 attigerat,

220 2135 416 2184 dimisso
460 2150 584 2200 equo
625 2151 711 2200 per
750 2135 952 2201 derupta
995 2144 1042 2186 et
1078 2139 1183 2186 avia
1223 2139 1468 2202 sequentis
1507 2137 1763 2187 frustratus
1799 2144 1889 2185 est.

219 2220 376 2269 neque
406 2205 483 2253 diu
510 2205 713 2254 fefellit:
740 2221 846 2254 nam
873 2221 1051 2272 prenso
1073 2207 1315 2272 ductoque
1345 2223 1433 2273 per
1459 2209 1708 2272 proximos
1733 2219 1891 2270 pagos

219 2289 361 2338 equo,
391 2276 522 2322 cuius
554 2275 682 2323 foret
712 2276 969 2338 cognitum.
1015 2285 1062 2325 et
1088 2284 1311 2342 repertus
1334 2291 1438 2326 cum
1462 2278 1713 2326 tormentis
1742 2275 1890 2324 edere

221 2346 448 2392 conscios
490 2344 794 2406 adigeretur,
836 2359 959 2393 voce
995 2361 1167 2408 magna
1194 2361 1417 2395 sermone
1446 2347 1602 2410 patrio
1631 2346 1809 2394 frustra
1836 2359 1890 2393 se

161 2429 203 2463 ιο
218 2413 509 2475 interrogari
538 2412 820 2462 clamitavit:
848 2413 1136 2463 adsisterent
1158 2416 1280 2464 socii
1302 2430 1359 2463 ac
1380 2422 1683 2479 spectarent:
1713 2413 1888 2462 nullam

218 2483 312 2530 vim
340 2489 518 2531 tantam
548 2482 733 2531 doloris
762 2483 887 2546 fore,
916 2491 964 2531 ut
991 2485 1242 2533 veritatem
1272 2485 1489 2533 eliceret.
1534 2483 1754 2548 idemque
1783 2498 1889 2531 cum

219 2559 420 2616 postero
459 2551 518 2601 ad
556 2553 902 2616 quaesitionem
927 2553 1282 2617 retraheretur,
1324 2568 1383 2602 eo
1420 2555 1527 2602 nisu
1566 2554 1798 2618 proripuit
1834 2567 1887 2600 se

220 2621 499 2671 custodibus
535 2637 752 2686 saxoque
794 2630 936 2687 caput
983 2622 1190 2686 adflixit,
1240 2632 1289 2673 ut
1324 2624 1480 2672 statim
1519 2623 1886 2671 exanimaretur.

219 2690 306 2740 sed
331 2691 442 2740 Piso
472 2692 875 2740 Termestinorum
910 2692 1023 2742 dolo
1065 2709 1235 2742 caesus
1262 2693 1490 2747 habetur;
1531 2692 1708 2756 quippe
1739 2705 1885 2755 pecu-

159 2772 201 2807 15
218 2763 319 2810 nias
358 2776 384 2808 e
423 2761 616 2826 publico
652 2763 945 2827 interceptas
981 2763 1137 2811 acrius
1166 2778 1307 2827 quam
1330 2769 1379 2810 ut
1407 2761 1670 2810 tolerarent
1695 2759 1888 2809 barbari

219 2830 447 2892 cogebat.

318 2900 401 2948 46.
451 2900 651 2948 Lentulo
702 2900 951 2950 Gaetulico
1003 2899 1057 2950 C.
1106 2900 1319 2950 Calvisio
1371 2897 1649 2947 consulibus
1694 2897 1885 2947 decreta
