1976 3224
593 227 767 264 mmm
791 227 909 265 xlv.
939 227 1061 268 CAP.
1088 225 1288 269 49-53.
1676 215 1776 266 275

32 413 37 423 .
112 358 318 407 validior
346 356 610 419 Tigellinus
651 356 696 402 in
736 355 890 403 animo
932 356 1161 419 principis
1202 364 1248 403 et
1289 358 1463 405 intimis
1503 354 1777 403 libidinibus

113 428 411 490 adsumptus,
458 440 696 490 prospera
736 424 902 489 populi
941 432 986 472 et
1023 425 1219 474 militum
1260 426 1382 474 fama
1420 426 1602 486 Rufus,
1649 423 1775 488 quod

113 497 239 562 apud
263 496 505 544 Neronem
531 494 782 543 adversum
808 493 1164 558 experiebatur.

220 566 303 616 52.
340 565 472 614 Mors
509 564 645 612 Burri
688 563 881 626 infregit
926 564 1144 612 Senecae
1194 565 1481 629 potentiam,
1538 566 1646 628 quia
1688 578 1780 611 nec

114 637 253 686 bonis
282 635 457 683 artibus
493 634 618 682 idem
648 634 816 682 virium
852 640 953 681 erat
987 633 1141 681 altero
1179 635 1311 683 velut
1344 634 1464 683 duce
1506 641 1690 695 am0t0,
1733 639 1780 681 et

113 707 245 756 Nero
274 704 331 753 ad
362 705 630 753 deteriores
657 702 930 751 inclinabat.
1007 703 1052 750 hi
1079 705 1224 752 variis
1254 704 1664 752 criminationibus
1693 703 1779 751 Se-

114 790 281 824 necam
332 774 628 835 adoriuntur,
681 780 915 837 tamquam
960 774 1180 835 ingentes
1221 781 1268 822 et
1313 775 1545 839 privatum
1590 773 1779 821 modum

115 852 311 894 evectas
347 858 468 907 opes
506 842 660 891 adhuc
693 850 919 905 augeret,
971 842 1197 906 quodque
1244 843 1397 892 studia
1435 845 1606 892 civium
1641 844 1689 890 in
1726 856 1778 890 se
1802 862 1823 893 ε

114 920 355 974 verteret,
396 912 643 960 hortorum
684 925 875 976 quoque
920 913 1207 960 amoenitate
1254 921 1301 961 et
1348 913 1564 961 villarum
1602 912 1779 975 magni-

115 984 304 1034 ficentia
333 984 466 1046 quasi
502 983 767 1046 principem
806 982 1259 1045 supergrederetur.
1328 982 1603 1031 obiciebant
1640 983 1781 1030 etiam

115 1054 420 1117 eloquentiae
459 1051 643 1100 laudem
680 1052 757 1098 uni
796 1051 883 1099 sibi
919 1050 1196 1100 adsciscere
1238 1059 1284 1100 et
1323 1054 1530 1101 carmina
1567 1051 1781 1101 crebrius

115 1123 362 1184 factitare,
406 1129 658 1186 postquam
688 1120 868 1168 Neroni
907 1135 1038 1169 amor
1075 1136 1239 1170 eorum
1279 1123 1506 1170 venisset.
1565 1137 1668 1171 nam
1697 1119 1780 1169 ob-

115 1191 414 1242 lectamentis
475 1192 706 1255 principis
765 1190 919 1253 palam
963 1191 1170 1254 iniquum
1213 1191 1485 1240 detrectare
1533 1193 1624 1239 vim
1678 1192 1781 1238 eius
1803 1210 1839 1243 ιο

118 1275 272 1326 equos
297 1262 538 1323 regentis,
565 1259 782 1308 inludere
814 1274 963 1308 voces
983 1298 995 1322 ,
1027 1262 1249 1324 quotiens
1277 1269 1488 1310 caneret.
1552 1276 1692 1325 quem
1722 1259 1782 1308 ad

119 1332 257 1380 finem
288 1329 403 1378 nihil
441 1330 485 1376 in
522 1345 574 1377 re
614 1328 805 1394 publica
838 1330 1014 1378 clarum
1049 1330 1154 1378 fore
1197 1330 1324 1395 quod
1358 1345 1453 1379 non
1487 1331 1545 1380 ab
1582 1331 1666 1379 illo
1705 1345 1779 1377 re-

120 1401 265 1465 periri
313 1397 571 1448 credatur?
616 1406 747 1447 certe
790 1399 964 1448 finitam
1002 1398 1210 1448 Neronis
1258 1402 1503 1464 pueritiam
1545 1408 1592 1449 et
1634 1399 1782 1448 robur

118 1473 337 1519 iuventae
367 1468 565 1517 adesse:
595 1476 794 1517 exueret
821 1470 1126 1532 magistrum,
1162 1471 1276 1518 satis
1303 1470 1472 1534 amplis
1501 1469 1781 1519 doctoribus

118 1542 376 1588 instructus
399 1538 656 1586 maioribus
683 1539 795 1587 suis.
1799 1555 1837 1588 15

223 1608 304 1658 53.
345 1608 408 1656 At
445 1608 632 1657 Seneca
679 1609 1019 1658 criminantium
1066 1624 1162 1658 non
1203 1611 1426 1672 ignaruS,
1469 1609 1781 1674 prodentibus

119 1680 176 1728 iis
203 1677 372 1742 quibus
409 1677 564 1742 aliqua
607 1677 797 1727 honesti
835 1694 976 1742 cura,
1013 1686 1059 1727 et
1094 1679 1459 1728 familiaritatem
1497 1681 1598 1727 eius
1626 1679 1781 1740 magis

120 1754 408 1811 aspernante
436 1746 672 1809 Caesare,
711 1755 898 1812 tempus
930 1750 1140 1797 sermoni
1171 1756 1276 1797 orat
1305 1756 1351 1797 et
1389 1755 1595 1813 accepto
1625 1748 1688 1796 ita
1715 1748 1780 1794 in-

122 1817 262 1881 cipit:
310 1819 533 1880 ‘quartus
574 1817 800 1866 decumus
846 1833 992 1867 annus
1032 1826 1132 1881 est,
1179 1817 1385 1881 Caesar,
1432 1835 1493 1867 ex
1540 1832 1633 1882 quo
1676 1817 1781 1881 spei

121 1894 228 1935 tuae
273 1884 489 1934 admotus
533 1902 659 1948 sum,
706 1894 930 1950 octavuS,
977 1896 1024 1936 ut
1066 1889 1315 1952 imperium
1363 1888 1577 1937 obtines:
1623 1886 1819 1937 medios

120 1955 351 2018 temporis
390 1961 566 2003 tantum
600 1955 832 2004 honorum
864 1963 1006 2021 atque
1046 1970 1188 2021 opum
1225 1959 1271 2004 in
1306 1973 1379 2005 me
1419 1956 1690 2019 cumulasti,
1734 1964 1782 2004 ut

120 2024 234 2075 nihil
266 2023 479 2072 felicitati
518 2039 652 2073 meae
683 2025 804 2073 desit
842 2026 930 2073 nisi
962 2026 1226 2075 moderatio
1263 2028 1381 2074 eius.
1456 2034 1558 2074 utar
1597 2026 1780 2087 magnis

123 2093 385 2158 exemplis,
414 2109 504 2142 nec
530 2110 665 2143 meae
691 2095 908 2143 fortunae
935 2095 1021 2144 sed
1048 2102 1170 2143 tuae.
1210 2095 1390 2144 abavus
1411 2104 1514 2144 tuus
1536 2094 1781 2157 Augustus

120 2165 182 2215 M.
224 2164 475 2228 Agrippae
509 2164 825 2224 Mytilenense
865 2172 1130 2227 secretum,
1173 2164 1226 2214 C.
1267 2165 1534 2214 Maecenati
1580 2164 1695 2212 urbe
1735 2164 1782 2211 in

121 2235 223 2299 ipsa
251 2233 381 2281 velut
411 2234 715 2296 peregrinum
741 2235 883 2282 otium
911 2235 1148 2299 permisit;
1176 2249 1375 2299 quorum
1403 2234 1522 2282 alter
1548 2233 1781 2282 bellorum
1804 2252 1840 2285 ιο

124 2303 313 2364 socius,
354 2302 474 2351 alter
505 2304 685 2352 Romae
723 2303 938 2367 pluribus
975 2304 1220 2354 laboribus
1257 2305 1455 2353 iactatus
1488 2303 1644 2368 ampla
1683 2304 1781 2367 qui-

124 2374 255 2434 dem,
296 2371 382 2419 sed
420 2387 508 2436 pro
543 2374 813 2435 ingentibus
850 2374 1027 2423 meritis
1065 2376 1276 2438 praemia
1313 2380 1620 2438 acceperant.
1687 2387 1781 2434 ego

126 2441 236 2506 quid
273 2440 397 2489 aliud
434 2443 779 2491 munificentiae
813 2442 1040 2491 adhibere
1077 2445 1210 2506 potui
1250 2459 1387 2507 quam
1423 2442 1598 2503 studia,
1637 2450 1684 2489 ut
1712 2443 1782 2488 sic

125 2511 346 2573 dixerim,
387 2511 432 2558 in
468 2511 629 2560 umbra
664 2511 887 2575 educata,
921 2520 967 2561 et
999 2513 1166 2577 quibus
1204 2513 1436 2561 claritudo
1463 2512 1617 2571 venit,
1655 2509 1783 2574 quod

125 2583 344 2630 iuventae
382 2587 489 2628 tuae
526 2580 801 2630 rudimentis
840 2582 1050 2630 adfuisse
1089 2582 1288 2644 videor,
1328 2580 1510 2644 grande
1547 2579 1683 2627 huius
1710 2579 1782 2627 rei
1801 2595 1840 2629 15

126 2652 343 2716 pretium.
401 2657 446 2698 at
469 2657 515 2698 tu
541 2652 740 2713 gratiam
774 2653 1056 2712 inmensam,
1097 2652 1384 2699 innumeram
1411 2650 1661 2712 pecuniam
1692 2649 1780 2696 cir-

128 2719 427 2783 cumdedisti,
457 2719 576 2768 adeo
603 2728 651 2768 ut
679 2720 958 2784 plerumque
984 2722 1104 2768 intra
1132 2735 1205 2767 me
1231 2721 1337 2783 ipse
1365 2719 1578 2767 volvam:
1607 2733 1781 2780 egone,

130 2792 337 2854 equestri
379 2797 424 2838 et
456 2790 739 2854 provinciali
785 2790 895 2838 loco
943 2796 1098 2851 ortus,
1139 2789 1422 2853 proceribus
1467 2788 1669 2836 civitatis
1704 2786 1781 2836 ad-

131 2857 383 2908 numeror?
419 2861 540 2908 inter
568 2859 757 2908 nobiles
786 2867 831 2908 et
859 2859 1003 2922 longa
1031 2858 1208 2907 decora
1237 2858 1568 2922 praeferentes
1597 2858 1782 2906 novitas

131 2941 235 2978 mea
271 2927 466 2977 enituit?
519 2930 598 2977 ubi
646 2937 717 2977 est
767 2931 944 2977 animus
982 2928 1063 2975 ille
1101 2928 1301 2977 modicis
1340 2925 1624 2975 contentus?
1673 2927 1779 2975 talis
1798 2937 1839 2969 20

1429 2994 1527 3046 18*
