1950 3210
135 237 172 278 1,
601 234 1054 274 COMMENTARIUS
1096 235 1375 276 CRITICUS.

135 371 351 416 in.usum
388 366 600 413 nocturni
636 366 820 411 luminis
857 364 1156 428 urerentur);
1193 367 1306 427 fort.
1337 374 1413 414 aut
1437 369 1613 418 flamma
1639 370 1717 417 die
1749 367 1756 436 Ι
1789 377 1846 420 22

135 440 181 484 in
216 454 330 496 usu,
358 450 445 482 em.
470 435 545 481 Pu
575 428 584 499 Ι
618 440 675 483 24
700 436 877 482 circulo

277 505 372 565 45,
409 512 438 555 8
466 505 763 565 caminatae,
794 517 879 550 em.
909 505 980 551 Pu
1013 500 1021 570 Ι
1059 513 1111 556 13
1137 503 1333 565 egressfi
1366 502 1374 569 Ι
1407 513 1463 557 18
1488 509 1781 557 toleraretE

278 574 373 634 46,
412 581 438 622 2
469 576 601 621 adest
627 575 698 632 N,
727 575 890 622 aderat
913 577 975 620 al.
1607 575 1612 579 ”

276 645 343 692 47
358 681 371 704 ,
406 651 434 694 3
458 659 643 704 semper
668 646 754 690 del.
786 645 987 698 Grotius,
1018 645 1190 691 Neroni
1216 645 1338 693 obelo
1362 650 1531 694 notavit
1552 649 1600 696 Ε
1619 649 1674 696 ob
1699 650 1847 696 locum

135 717 340 764 Suetonii
373 716 484 761 Ner.
517 720 574 764 36
613 707 624 778 Ι
666 721 692 763 5
717 714 831 773 fort.
859 714 1085 762 immolari
1128 709 1142 780 Ι
1180 721 1207 765 9
1233 721 1333 763 aut:
1373 721 1419 763 at
1441 717 1518 775 M,
1559 724 1606 765 et
1630 719 1699 771 E,-
1732 723 1783 764 a!
1804 735 1844 767 v.

134 789 198 833 ad
224 795 247 836 1
267 822 279 845 ‚
306 791 374 836 16.

277 853 343 903 48
364 890 377 914 ,
418 861 469 903 11
499 855 679 901 levitati
702 855 767 900 E:
795 854 976 900 lenitati

275 923 371 983 49,
406 932 429 973 1
458 924 796 971 coniurationis
824 926 885 968 al.
919 918 929 988 Ι
960 929 989 972 4
1012 923 1197 970 Flavum
1219 924 1432 970 Belclcer:
1461 925 1644 973 flauium
1675 921 1685 991 Ι
1717 931 1744 976 6
1763 928 1846 977 La-

136 1004 324 1043 teranus
348 994 562 1040 Belclcer:
584 995 819 1041 lateranus
844 995 1006 1040 consul
1027 993 1298 1052 designatus
1331 988 1339 1059 Ι
1372 1000 1399 1045 9
1420 997 1729 1044 aemulatione
1749 997 1788 1042 L
1807 1003 1848 1043 et

142 1069 192 1114 U.
234 1067 343 1113 Cum
363 1066 547 1110 Tacitus
566 1069 658 1109 tam
678 1065 817 1109 multa
827 1066 883 1126 ju
902 1064 1140 1109 verborum
1153 1065 1452 1122 potestatibus
1467 1069 1714 1125 novaverit,
1734 1067 1844 1112 reli-

130 1138 255 1197 qiom‘
281 1136 375 1195 fuit
399 1133 753 1181 adsimulatione
773 1135 1026 1190 immutare,
1055 1134 1179 1192 quod
1194 1147 1280 1192 quo
1301 1136 1430 1180 modo
1449 1148 1511 1181 ex
1531 1137 1843 1196 vulyarissimo

134 1205 445 1268 aemulatione
470 1206 589 1250 oriri
602 1204 806 1263 potuerit
831 1203 960 1249 haud
980 1203 1123 1263 facile
1149 1204 1432 1265 intellegitur.
1466 1203 1474 1265 Ι
1508 1213 1561 1255 15
1588 1207 1775 1252 multum

276 1272 371 1333 50,
407 1279 435 1321 2
470 1274 768 1332 deligendum
799 1273 997 1333 quique,
1033 1285 1119 1319 em.
1146 1272 1221 1319 Pu
1261 1269 1270 1338 Ι
1311 1280 1341 1324 3
1380 1273 1619 1322 Claudium
1653 1275 1719 1321 Ra·
1751 1273 1843 1336 (cf.

136 1352 216 1404 13,
243 1341 353 1406 12);
388 1343 569 1389 tullium
601 1337 608 1408 Ι
640 1348 669 1391 4
694 1344 986 1402 uulgacium,
1013 1356 1100 1389 em.
1132 1342 1178 1388 R
1210 1335 1222 1408 Ι
1254 1349 1308 1394 19
1338 1342 1845 1407 εοτωοηίε,(εθι·ιιιοιιί-

132 1417 218 1462 bus
247 1415 316 1461 ed.
346 1410 496 1474 Spir.)
531 1408 537 1477 Ι
569 1418 626 1461 22
654 1414 846 1460 ardente
877 1414 1040 1472 domo,
1070 1413 1195 1473 quod
1218 1415 1478 1473 intellegunt
1499 1415 1556 1461 de
1585 1428 1748 1474 mayno
1773 1417 1842 1460 in-

134 1486 291 1531 cendio
326 1485 441 1529 anni
472 1485 757 1542 superioris,
801 1497 1076 1542 quamquam
1120 1483 1303 1529 Tacitus
1334 1486 1432 1543 ipse
1462 1490 1543 1543 15,
1570 1489 1628 1534 48
1665 1485 1843 1530 demum

134 1555 244 1601 Silio
290 1554 445 1600 Nerva
480 1553 625 1599 Attico
671 1552 869 1615 Vestino·
891 1565 1009 1599 coss.
1047 1558 1252 1611 coeptam
1285 1555 1422 1600 simul
1456 1558 1501 1600 et
1529 1560 1710 1601 auctam
1746 1567 1845 1601 esse

132 1626 489 1671 coniurationem
515 1624 703 1669 tradidit
711 1642 726 1674 ;
753 1623 1012 1670 abscedens
1040 1624 1177 1669 domo
1202 1622 1302 1675 He,·
1328 1624 1438 1682 fort.
1471 1625 1639 1671 ardens
1668 1638 1842 1682 amore,

132 1697 221 1741 nisi
245 1695 402 1753 potius
438 1693 619 1753 defectu
657 1694 807 1752 aliquo
846 1694 971 1738 locus
1004 1695 1153 1739 vitium
1186 1695 1347 1739 traxit.
1393 1689 1400 1758 Ι
1446 1699 1502 1742 24
1535 1694 1843 1754 pulcherrima

143 1763 321 1812 Urlichs
353 1764 359 1822 Ι
395 1764 451 1810 ad
483 1763 662 1809 facinus
698 1762 806 1807 add.
837 1761 872 1808 0
913 1757 920 1803 Ι
965 1762 1345 1809 exstimulauerat
1374 1778 1453 1822 pr.
1488 1778 1574 1822 m.,
1609 1777 1637 1808 n
1665 1775 1769 1822 sup.
1797 1768 1842 1809 at

133 1835 240 1880 add.
262 1839 350 1885 est;
384 1850 425 1881 v.
455 1833 520 1878 ad
546 1837 626 1882 16.
650 1837 723 1880 20.

275 1902 373 1962 51,
415 1911 435 1951 1
476 1916 605 1962 spem
645 1901 769 1948 inter
812 1916 867 1948 ac
905 1906 1071 1948 metum
1105 1904 1145 1947 A
1198 1912 1205 1965 Ι
1257 1907 1282 1952 7
1323 1907 1453 1948 erant
1491 1904 1688 1949 uarchus
1732 1897 1741 1964 Ι
1787 1908 1841 1953 16

132 1973 282 2021 sancti
310 1973 419 2033 quid
450 1972 671 2018 Thomas.-
709 1972 891 2018 senatui
931 1972 1040 2022 uuid
1070 1969 1278 2030 (senatui
1305 1973 1420 2018 iuris
1453 1972 1561 2031 quid
1589 1972 1659 2027 Η,
1690 1986 1840 2031 neque

133 2043 240 2091 e'sse
275 2043 494 2090 intactum
531 2041 655 2102 quod
690 2047 898 2088 maneret
930 2041 1178 2091 Heinisch,·
1226 2042 1290 2087 Ri
1329 2046 1435 2086 ante
1473 2056 1623 2100 neque
1664 2044 1839 2101 signum

130 2115 328 2160 lacunae
355 2108 568 2176 posunt),
607 2111 695 2156 Est
729 2113 854 2157 locus
885 2124 947 2158 ex
986 2114 1040 2157 iis
1078 2125 1273 2171 quorum
1316 2117 1441 2157 certa
1475 2111 1722 2156 emendatio
1760 2111 1835 2156 de·

129 2184 368 2244 speranda
398 2191 477 2228 est.
510 2176 520 2247 Ι
554 2186 611 2231 18
635 2181 820 2227 multum

273 2248 339 2298 52
358 2287 372 2310 ,
409 2257 437 2299 2
465 2265 555 2310 quo
588 2251 689 2297 eius
715 2250 760 2295 P
788 2243 797 2315 Ι
828 2257 857 2300 3
877 2251 1045 2297 creber
1072 2264 1128 2297 eo
1149 2250 1204 2297 Η
1226 2245 1237 2316 Ι
1272 2255 1325 2299 12
1350 2250 1524 2296 daturis
1551 2263 1738 2309 operam
1763 2251 1836 2303 al„

133 2321 362 2369 adiuturis
387 2322 489 2372 Bz,·
525 2325 574 2365 at
596 2325 720 2365 recte
744 2319 870 2365 Med.
900 2321 1077 2367 daturis
1115 2333 1182 2366 sc.
1207 2320 1449 2381 imperium
1492 2314 1499 2384 Ι
1545 2327 1594 2368 15
1622 2320 1835 2365 libertate

130 2396 392 2440 moreretur
409 2425 423 2450 ,
451 2403 533 2436 em.
564 2390 619 2447 P,
646 2390 763 2435 idem
788 2395 938 2436 tamen
967 2395 1131 2449 postea
1160 2390 1354 2436 malebat
1377 2395 1641 2436 moveretur

272 2459 369 2521 53,
401 2467 429 2509 2
459 2460 758 2507 celebrantur
783 2461 844 2504 al.
877 2454 886 2523 Ι
917 2465 945 2509 6
974 2460 1230 2518 accedens,
1257 2473 1339 2506 em.
1362 2459 1405 2504 R
1439 2455 1447 2522 Ι
1479 2465 1505 2509 9
1535 2458 1795 2504 audientiae
1825 2452 1831 2519 Ι

130 2538 186 2581 10
214 2532 528 2591 expostulanti
575 2526 583 2576 Ι
626 2539 677 2580 11
710 2530 885 2577 Salutis
914 2530 982 2575 E.-
1023 2530 1185 2576 salutis
1219 2531 1264 2575 in
1301 2530 1473 2575 etruria
1519 2523 1527 2589 Ι
1570 2527 1671 2573 siue
1703 2527 1834 2573 utilia

128 2602 246 2648 trad.
281 2609 289 2667 Ι
324 2607 379 2650 12
403 2601 650 2647 Ferentino
674 2600 860 2647 Cluver:
888 2602 1100 2647 frentano
1135 2594 1142 2663 Ι
1176 2606 1230 2650 13
1249 2600 1435 2660 operiS‚
1465 2611 1548 2644 em.
1573 2597 1614 2641 P
1642 2590 1650 2658 Ι
1686 2601 1738 2643 18
1759 2602 1835 2641 aut

128 2671 266 2717 inane
294 2677 373 2718 aut
402 2686 530 2731 spem
548 2705 561 2729 ,
589 2684 674 2716 em.
696 2670 740 2715 P

268 2739 362 2799 54,
397 2747 424 2791 6
459 2741 699 2800 aspernari
734 2738 741 2803 Ι
773 2746 800 2790 9
824 2740 1059 2788 karissimi
1094 2734 1101 2804 Ι
1139 2746 1189 2788 12
1216 2753 1382 2799 parare
1407 2739 1506 2783 Pu.-
1538 2736 1830 2796 partiebatq;

127 2806 288 2871 (paret
314 2812 625 2869 exhibeatque
651 2810 722 2866 H,
764 2816 923 2870 parata
954 2812 1124 2856 habeat
1148 2810 1215 2866 D,
1246 2809 1435 2868 petebat
1471 2819 1588 2864 quae
1614 2805 1712 2850 He·
1747 2818 1829 2863 pa-

126 2884 197 2924 rat
242 2876 342 2939 [vel
371 2877 592 2939 parabat]
644 2880 846 2938 itemque
881 2882 995 2924 coni.
1034 2874 1169 2939 Hm).
1223 2877 1341 2933 Quid
1375 2876 1558 2920 Tacitus
1591 2876 1835 2933 scripserat

121 2949 261 3007 plane
299 2951 519 2993 incertum
555 2954 637 2991 est.
681 2943 689 3008 Ι
736 2954 790 2995 14
818 2948 1165 3010 suscipionibus
1209 2943 1217 3011 Ι
1259 2953 1313 2995 15
1349 2944 1585 2990 tradidere
1626 2944 1683 2989 de
1717 2956 1829 2989 cou-
