1976 3224
234 191 336 240 240
670 199 947 238 commun
968 199 1164 240 ΤΑΟΙΤΙ
1183 201 1488 241 ΑΝΝΑΜΗΜ

233 328 456 393 permixti
491 342 550 376 ac
585 326 807 377 libertate
851 329 1019 392 ignota
1055 329 1172 378 illud
1210 332 1362 393 magis
1401 330 1460 379 ad
1493 332 1736 381 servitium
1771 334 1906 382 incli-

232 405 415 447 nanteS.
695 432 697 434 -
1644 421 1647 425 ·

337 466 420 517 35.
460 466 559 516 Sed
583 466 850 517 Corbuloni
876 467 984 532 plus
1015 468 1156 516 molis
1187 468 1419 517 adversus
1444 470 1683 533 ignaviam
1710 471 1908 520 militum

235 552 375 602 quam
411 545 579 587 contra
617 537 866 603 perfidiam
893 537 1098 586 hostium
1136 546 1266 587 erat:
1305 540 1485 604 quippe
1512 539 1649 589 Suria
1674 547 1906 590 transmo-

232 615 310 657 tae
338 607 586 670 legiones,
626 622 750 672 pace
777 607 925 671 longa
955 622 1162 670 segnes,
1201 609 1357 656 munia
1383 609 1709 658 Romanorum
1735 625 1906 674 aeger-

229 678 350 726 rime
369 676 658 726 tolerabant.
692 677 807 736 satis
831 678 1044 726 constitit
1068 677 1218 726 fuisse
1239 678 1287 726 in
1308 693 1367 727 eo
1390 681 1607 728 exercitu
1627 687 1907 743 veteranos,

190 763 211 795 s
234 749 311 812 qui
345 761 443 795 non
481 747 760 810 stationem,
798 761 896 796 non
922 747 1115 810 vigilias
1147 748 1374 812 inissent,
1413 748 1590 798 vallum
1630 749 1909 815 fossamque

230 818 367 881 quasi
393 831 519 865 nova
549 824 596 865 et
625 817 742 866 mira
770 817 1011 880 viserent,
1048 818 1153 866 sine
1180 817 1363 882 galeis,
1410 819 1513 867 sine
1541 819 1738 882 loriciS,
1773 819 1910 869 nitidi

232 894 280 935 et
306 888 612 950 quaestuosi,
639 887 803 936 militia
825 902 913 951 per
938 886 1118 951 oppida
1145 886 1356 952 expleta.
1408 888 1553 951 igitur
1574 889 1781 938 dimissis
1807 890 1907 954 qui·

230 956 321 1004 bus
353 963 581 1005 senectus
616 964 694 1005 aut
724 955 950 1005 valetudo
992 955 1196 1005 adversa
1229 965 1362 1019 erat,
1405 958 1791 1023 supplementum
1823 973 1908 1023 pe-

230 1027 349 1074 tivit.
414 1033 462 1074 et
496 1024 645 1074 habiti
683 1041 773 1091 per
799 1025 1031 1075 Galatiam
1069 1024 1526 1092 Cappadociamque
1559 1028 1791 1092 dilectus,
1828 1029 1907 1077 ad-

174 1114 214 1147 ιο
231 1097 457 1160 iectaque
487 1110 550 1144 ex
576 1095 830 1145 Germania
865 1096 999 1159 legio
1028 1110 1134 1144 cum
1161 1097 1400 1160 equitibus
1426 1097 1588 1146 alariis
1616 1106 1666 1147 et
1693 1098 1908 1164 peditatu

230 1164 514 1215 cohortium.
567 1173 882 1229 retentusque
910 1166 1063 1214 omnis
1090 1167 1334 1215 exercitus
1357 1166 1446 1215 sub
1473 1167 1710 1233 pellibus,
1748 1183 1908 1234 quam-

228 1236 302 1283 vis
337 1234 496 1283 hieme
527 1250 674 1284 saeva
702 1234 855 1298 adeo,
891 1242 941 1283 ut
971 1234 1179 1284 obducta
1218 1235 1382 1298 glacie
1418 1237 1508 1286 nisi
1535 1238 1718 1286 effossa
1739 1237 1908 1287 humus

228 1305 450 1353 tentoriis
486 1304 646 1354 locum
682 1319 777 1354 non
813 1305 1087 1369 praeberet.
1128 1304 1364 1355 ‘ambusti
1399 1307 1655 1357 multorum
1693 1314 1822 1357 artus
1860 1308 1908 1357 vi

228 1374 428 1437 frigoris
455 1381 503 1423 et
529 1375 721 1439 quidam
747 1375 870 1423 inter
898 1374 1130 1424 excubias
1158 1377 1414 1425 exanimati
1445 1385 1572 1427 sunt.
1635 1377 1905 1427 adnotatus-

172 1457 213 1490 15
231 1458 325 1508 que
359 1443 527 1507 miles,
565 1445 645 1510 qni
677 1444 861 1493 fascem
897 1444 1141 1508 lignorum
1178 1445 1431 1510 gestabat,
1471 1447 1535 1496 ita
1578 1447 1907 1512 praeriguisse

228 1529 410 1577 manus,
439 1521 489 1562 ut
514 1515 651 1563 oneri
677 1514 997 1564 adhaerentes
1023 1516 1203 1564 truncis
1234 1515 1444 1565 brachiis
1470 1516 1769 1566 deciderent.
1799 1519 1908 1583 ipse

231 1583 358 1632 cultu
383 1583 507 1647 levi,
551 1585 712 1649 capite
750 1586 960 1648 intect0,
994 1584 1041 1633 in
1069 1585 1282 1648 agmine,
1319 1586 1365 1633 in
1398 1585 1646 1636 laboribus
1676 1587 1908 1651 frequens

227 1652 426 1717 adesse,
455 1652 644 1703 laudem
669 1656 904 1717 strenuiS,
933 1653 1166 1703 solacium
1190 1654 1437 1720 invalidis,
1465 1656 1738 1720 exemplum
1761 1657 1906 1704 omni-

227 1723 316 1771 bus
357 1723 634 1772 ostendere.
694 1723 868 1772 dehinc
898 1725 1008 1787 quia
1042 1721 1259 1773 duritiam
1293 1725 1416 1773 caeli
1452 1726 1746 1790 militiaeque
1773 1725 1906 1774 multi

168 1804 210 1838 20
228 1792 500 1841 abnuebant
542 1792 959 1857 deserebantque,
1013 1793 1275 1842 remedium
1324 1796 1585 1844 severitate
1643 1796 1907 1860 quaesitum

228 1869 317 1910 est.
379 1876 473 1910 nec
502 1864 656 1927 enim,
695 1870 744 1911 ut
778 1863 826 1910 in
861 1861 969 1911 aliis
1005 1863 1326 1926 exercitibus,
1366 1867 1566 1929 primum
1605 1864 1906 1930 alterumque

226 1932 452 1980 delictum
477 1934 618 1981 venia
645 1931 1058 1997 prosequebatur,
1096 1933 1184 1982 sed
1212 1934 1291 1998 qni
1317 1935 1454 1998 signa
1483 1934 1775 1999 reliquerat,
1812 1941 1905 1984 sta-

225 2002 307 2051 tim
335 2001 493 2067 capite
520 1999 706 2067 poenas
741 2002 920 2052 luebat.
979 2002 1123 2067 idque
1149 2019 1236 2052 usu
1275 2004 1469 2055 salubre
1497 2012 1546 2053 et
1571 2003 1907 2054 misericordia

225 2070 396 2120 melius
422 2073 669 2137 apparuit:
697 2073 878 2137 quippe
906 2074 1163 2138 pauciores
1189 2073 1271 2121 illa
1301 2077 1457 2123 castra
1479 2074 1740 2122 deseruere
1767 2088 1907 2139 quam

168 2154 210 2187 25
228 2157 285 2191 ea
315 2143 361 2189 in
389 2141 561 2205 quibus
589 2142 950 2205 ignoscebatur.

333 2211 418 2262 36.
459 2211 653 2260 Interim
681 2211 897 2261 Corbulo
937 2211 1212 2275 legionibus
1248 2212 1370 2260 intra
1399 2219 1557 2261 castra
1583 2212 1784 2276 habitis,
1821 2213 1903 2261 do-

225 2296 319 2329 nec
349 2296 437 2329 ver
462 2281 797 2345 adolesceret,
838 2281 1187 2347 dispositisque
1213 2297 1304 2347 per
1330 2281 1535 2331 idoneos
1563 2282 1702 2332 locos
1731 2282 1903 2331 cohor-

224 2351 350 2399 tibus
373 2351 652 2413 auxiliariiS,
679 2366 739 2399 ne
763 2365 971 2416 pugnam
990 2352 1183 2415 priores
1204 2351 1435 2400 auderent
1454 2352 1716 2416 praedicit:
1744 2367 1905 2402 curam

226 2419 576 2486 praesidiorum
603 2419 780 2469 Paccio
809 2419 962 2469 Orfito
989 2422 1127 2484 primi
1167 2421 1251 2485 pili
1280 2420 1466 2470 honore
1494 2422 1750 2487 perfuncto
1775 2436 1902 2470 man-

187 2501 207 2534 5
230 2489 323 2538 dat.
376 2490 416 2538 is
454 2505 736 2555 quamquam
770 2491 988 2539 incautos
1028 2489 1262 2540 barbaros
1302 2498 1351 2539 et
1387 2490 1514 2540 bene
1551 2491 1796 2556 gerendae
1831 2493 1903 2540 rei

229 2575 391 2608 casum
429 2560 593 2609 offerri
632 2561 926 2625 scripserat,
974 2567 1144 2608 tenere
1184 2576 1237 2609 se
1275 2561 1575 2610 munimentis
1613 2569 1660 2610 et
1692 2563 1903 2610 maiores

229 2630 396 2694 copias
418 2630 635 2695 opperiri
661 2629 863 2679 iubetur.
908 2629 994 2678 sed
1014 2637 1155 2694 rupto
1183 2632 1412 2695 imperio,
1442 2639 1696 2695 postquam
1717 2645 1903 2695 paucae

227 2714 254 2747 e
284 2700 514 2764 proximis
546 2700 760 2749 castellis
795 2708 979 2749 turmae
1005 2700 1298 2749 advenerant
1334 2715 1640 2764 pugnamque
1664 2701 1902 2765 imperitia

226 2768 525 2833 poscebant,
563 2784 861 2834 congressus
898 2786 1004 2819 cum
1036 2769 1179 2818 hoste
1216 2770 1439 2819 funditur.
1506 2778 1555 2819 et
1590 2769 1761 2820 damno
1799 2772 1902 2819 eius

170 2845 209 2879 10
229 2840 443 2886 exterriti
470 2840 549 2905 qui
571 2839 834 2889 subsidium
861 2841 992 2889 ferre
1019 2839 1313 2903 debuerant,
1341 2855 1424 2889 sua
1446 2841 1647 2904 quisque
1671 2842 1718 2889 in
1745 2847 1902 2889 castra

225 2907 412 2972 trepida
449 2909 564 2971 fuga
603 2910 812 2959 rediere.
861 2909 989 2975 quod
1025 2910 1240 2972 graviter
1268 2909 1481 2959 Corbulo
1518 2912 1709 2975 accepit
1745 2911 1900 2960 incre·
