1976 3224
435 208 610 246 LIBER
634 208 710 245 VI.
740 207 865 246 cAP.
892 205 1077 248 44—48
1098 195 1346 261 (38—42).
1629 198 1726 247 173

63 336 286 388 Caesaris
311 337 461 384 literis
489 336 780 400 provinciam
817 335 976 382 sortiri
1014 334 1306 399 prohibitus:
1342 334 1530 384 Blaesis
1567 352 1727 387 sacer·

60 406 205 470 dotia,
232 408 419 468 integra
446 419 611 453 eorum
632 405 772 453 domo
801 403 1051 467 destinata,
1075 405 1305 453 convulsa
1327 405 1593 468 distulerat,
1615 409 1729 457 tunc

60 484 110 525 ut
143 470 295 524 'vacua
331 474 528 524 contulit
564 477 615 522 in'
645 475 797 534 alios,
846 474 974 538 quod
1011 475 1198 537 signum
1236 476 1401 523 mortis
1439 475 1726 526 intellexere

60 553 110 594 et
133 546 351 594 exsecuti
376 553 498 593 sunt.
551 552 599 592 et
626 543 830 592 Aemilia
853 543 1059 608 Lepida,
1100 559 1238 607 quam
1265 545 1423 592 iuveni
1447 544 1606 595 Druso
1643 562 1725 596 nu-

58 622 186 678 ptam
212 614 386 677 rettuli,
416 613 599 662 crebris
627 613 897 663 criminibus
923 615 1139 662 maritum
1158 615 1420 676 insectata,
1443 630 1725 680 quamquam
1742 622 1782 656 1⁵

58 683 359 746 intestabiliS,
387 691 545 732 tamen
571 685 793 746 impunita
820 683 1014 745 agebat,
1068 683 1175 731 dum
1213 684 1448 748 superfuit
1474 693 1612 748 pater
1640 686 1726 735 Le-

58 753 223 818 pidus:
264 760 374 817 post
412 768 439 803 a
479 753 775 802 delatoribus
816 753 1073 816 corripitur
1113 752 1174 801 ob
1214 768 1405 801 servum
1444 754 1724 818 adulterum,

56 837 148 871 nec
178 821 481 872 dubitabatur
518 823 576 871 de
606 822 816 885 flagitio:
870 836 990 885 ergo
1032 823 1207 872 omissa
1253 823 1536 872 defensione
1584 826 1726 874 finem

55 892 184 940 vitae
208 891 299 940 sibi
326 895 503 956 posuit.

159 962 246 1010 47.
285 961 378 1010 Per
406 962 529 1010 idem
570 970 756 1026 tempus
800 960 1029 1010 Clitarum
1062 963 1192 1010 natio
1225 961 1506 1026 Cappadoci
1540 961 1784 1013 Arche-41

3 1058 11 1063 s
56 1031 134 1079 lao
162 1030 391 1094 subiecta,
422 1034 530 1095 quia
556 1039 769 1080 nostrum
797 1032 843 1079 in
867 1030 1058 1079 modum
1083 1030 1276 1080 deferre
1305 1046 1494 1095 censuS,
1526 1035 1623 1096 pati
1645 1034 1724 1082 tri·
1786 1081 1795 1086 s

56 1099 167 1149 buta
196 1100 502 1163 adigebatur,
540 1102 586 1148 in
612 1102 724 1164 iuga
753 1101 894 1150 Tauri
930 1102 1103 1150 montis
1134 1100 1379 1161 abscessit·
1408 1101 1723 1167 locorumque

53 1171 252 1232 ingenio
281 1185 390 1218 sese
419 1177 583 1218 contra
624 1170 846 1219 imbelles
879 1172 1013 1232 regis
1051 1171 1221 1234 copias
1256 1170 1520 1235 tutabatur,
1567 1172 1725 1221 donec

54 1239 118 1288 Μ.
148 1238 418 1288 Trebellius
445 1239 658 1302 legatuS,
697 1255 723 1288 a
753 1240 951 1288 Vitellio
979 1240 1203 1304 praeside
1237 1240 1405 1289 Suriae
1447 1248 1551 1290 cum
1591 1250 1760 1306 quat-5

54 1314 164 1356 tuor
190 1308 380 1357 milibus
404 1309 780 1371 legionariorum
818 1317 865 1357 et
900 1309 1103 1358 delectis
1144 1309 1332 1358 auxiliis
1366 1312 1566 1374 missuS,
1605 1313 1725 1361 duos

57 1377 215 1439 collis,
245 1391 367 1442 quos
392 1377 583 1427 barbari
611 1378 888 1427 insederant
918 1377 1112 1442 (minori
1139 1377 1324 1442 Cadra,
1369 1381 1505 1429 alteri
1535 1381 1726 1430 Davara

53 1460 228 1495 nomen
252 1447 383 1510 est),
424 1447 653 1512 operibus
689 1449 1000 1497 circumdedit
1038 1456 1085 1496 et
1123 1464 1376 1514 erumpere
1404 1465 1547 1499 ausos
1577 1451 1724 1514 ferro,
1810 1480 1815 1484 -

56 1523 251 1565 ceteros
277 1518 354 1565 siti
380 1516 439 1566 ad
458 1517 749 1566 deditionem
777 1520 956 1582 coegit.

158 1585 223 1635 At
249 1586 482 1635 Tiridates
511 1586 781 1636 volentibus
809 1587 993 1636 Parthis
1018 1587 1362 1651 Nicephorium
1392 1597 1440 1636 et
1458 1589 1718 1639 Anthemu·
1742 1602 1781 1635 10

53 1655 183 1704 siada
210 1663 496 1720 ceterasque
525 1655 697 1719 urbeS,
740 1672 862 1720 quae
887 1657 1233 1706 Macedonibus
1271 1659 1390 1706 sitae
1418 1658 1603 1708 Graeca
1638 1674 1721 1708 vo-

54 1724 224 1774 cabula
258 1733 514 1789 usurpant,
551 1725 816 1789 Halumque
870 1735 917 1775 et
961 1726 1241 1775 Artemitam
1288 1727 1508 1777 Parthica
1545 1730 1724 1794 oppida

54 1795 258 1859 recepit,
295 1795 586 1844 certantibus
611 1796 789 1858 gaudio
816 1798 893 1861 qui
920 1796 1212 1845 Artabanum
1237 1797 1443 1858 Scythas
1467 1800 1589 1846 inter
1609 1800 1721 1848 edu-

55 1870 179 1912 ctum
206 1863 268 1912 ob
297 1865 542 1912 saevitiam
572 1867 813 1914 exsecrati
854 1881 990 1914 come
1019 1866 1242 1915 Tiridatis
1278 1867 1519 1930 ingenium
1548 1866 1721 1917 Roma-

52 1947 138 1982 nas
166 1947 255 1997 per
281 1941 409 1981 artes
435 1933 709 1997 sperabant.
1737 1951 1776 1982 15

155 2002 241 2052 48.
278 2002 531 2051 Plurimum
579 2003 863 2052 adulationis
900 2004 1226 2054 Seleucenses
1268 2006 1490 2069 induere,
1539 2009 1779 2060 civitas42

52 2079 242 2136 potens,
272 2080 440 2137 saepta
470 2073 614 2120 muris
645 2088 803 2137 neque
830 2074 875 2121 in
899 2073 1154 2123 barbarum
1190 2083 1445 2140 corrupta,
1485 2078 1571 2125 sed
1609 2092 1720 2126 con-

39 2141 218 2190 ditoris
247 2142 440 2191 Seleuci
470 2144 699 2191 retinens.
754 2145 959 2191 trecenti
988 2144 1161 2208 opibus
1189 2152 1267 2194 aut
1287 2147 1522 2210 sapientia
1541 2147 1720 2196 delecti

49 2218 99 2259 ut
134 2218 355 2272 senatuS,
396 2226 481 2260 sua
520 2212 702 2276 populo
733 2213 822 2261 vis.
894 2221 941 2261 et
992 2215 1212 2278 quotiens
1251 2215 1521 2264 concordes
1555 2225 1718 2280 agunt,

51 2282 290 2345 spernitur
315 2280 541 2331 Parthus:
577 2282 657 2331 ubi
693 2282 996 2346 dissensere,
1040 2285 1147 2333 dum
1184 2284 1274 2333 sibi
1313 2287 1513 2350 quisque
1551 2294 1758 2338 contras

50 2350 264 2399 aemulos
296 2350 557 2401 subsidium
578 2359 780 2416 vocant,
817 2355 1002 2402 accitus
1036 2354 1083 2403 in
1119 2362 1303 2419 partem
1338 2356 1591 2405 adversum
1622 2371 1718 2406 om-

47 2433 136 2468 nes
177 2420 397 2470 valescit.
472 2421 519 2470 id
567 2437 719 2486 nuper
772 2423 1016 2473 acciderat
1055 2425 1301 2474 Artabano
1339 2434 1597 2489 regnante,
1641 2428 1718 2491 qui

49 2488 243 2552 plebem
270 2491 562 2555 primoribus
587 2492 778 2541 tradidit
805 2509 867 2541 ex
893 2508 979 2542 suo
1006 2511 1118 2543 usu:
1147 2510 1253 2543 nam
1276 2496 1443 2560 populi
1470 2497 1718 2559 imperium

47 2558 178 2607 iuxta
206 2559 494 2622 libertatem,
516 2575 777 2624 paucorum
803 2563 1060 2613 dominatio
1091 2566 1259 2627 regiae
1298 2565 1478 2613 libidini
1514 2566 1718 2628 propior

49 2634 141 2676 est.
189 2636 283 2678 tum
311 2630 644 2679 adventantem
671 2630 911 2680 Tiridaten
939 2633 1175 2681 extollunt
1199 2641 1417 2682 veterum
1442 2649 1610 2696 regum
1631 2634 1713 2682 ho·
1730 2652 1769 2686 10

49 2697 247 2748 noribus
275 2707 322 2747 et
359 2714 481 2763 quos
519 2715 693 2748 recens
729 2708 861 2749 aetas
896 2701 1077 2764 largius
1115 2703 1315 2757 invenit:
1359 2703 1502 2751 simul.
1537 2703 1714 2767 probra

49 2765 98 2813 in
126 2765 416 2817 Artabanum
443 2769 728 2832 fundebant,
771 2777 982 2819 materna
1011 2773 1196 2834 origine
1222 2772 1515 2834 Arsaciden,
1552 2781 1716 2823 cetera

52 2833 360 2898 degenerem.
424 2839 660 2888 Tiridates
703 2854 802 2887 rem
845 2839 1187 2889 Seleucensem
1236 2842 1420 2906 populo
1472 2843 1713 2907 permittit.

51 2917 163 2953 mox
199 2907 471 2957 consultans
490 2946 503 2971 ,
551 2904 754 2972 quonam
801 2908 877 2956 die
927 2910 1176 2958 sollemnia
1230 2913 1368 2974 regni
1415 2920 1710 2976 capesseret.
