1976 3224
557 182 731 220 LIBER
757 183 833 220 1v.
873 182 997 221 cAP.
1035 181 1237 224 48—52.
1651 152 1748 223 1⁸37

41 298 45 307 x
92 320 328 378 peterent.
380 311 574 360 Turesis
614 325 698 357 sua
734 325 837 358 cum
877 325 1014 358 manu
1054 319 1245 360 noctem
1298 312 1575 375 opperitur,
1625 311 1805 360 haud1c

91 383 258 430 nescio
284 381 403 429 duce
430 387 624 436 nostro;
651 379 794 441 igitur
819 380 1030 427 firmatae
1056 381 1289 428 stationes
1316 379 1618 428 densioribus
1644 382 1748 443 glo-

90 451 180 499 bi's.
231 459 277 499 et
306 448 558 512 ingruebat
595 462 692 496 nox
727 448 884 497 nimbo
921 455 1083 510 atrox,
1122 449 1370 513 hostisque
1409 449 1618 498 clamore
1655 457 1748 498 tur-

91 519 232 583 bido,
270 519 413 567 modo
437 533 524 583 per
549 525 730 566 vastum
757 518 1020 581 silentium,
1058 519 1270 566 incertos
1307 518 1595 567 obsessores
1637 520 1749 567 effe-

93 596 240 651 cerat,
270 603 371 637 cum
399 588 599 636 Sabinus
627 588 904 649 circumire,
932 587 1111 636 hortari
1143 604 1204 635 ne
1230 587 1287 635 ad
1315 587 1534 649 ambigua
1567 589 1750 636 sonitus

92 665 169 708 aut
198 651 540 706 simulationem
572 658 744 720 quietis
784 671 944 705 casum
989 657 1319 706 insidiantibus
1357 659 1626 720 aperirent,
1666 657 1749 705 sed
1769 672 1808 704 15

91 742 174 777 sua
202 728 401 791 quisque
438 727 590 774 munia
631 733 879 774 servarent
909 727 1085 774 immoti
1119 726 1327 790 telisque
1365 740 1460 774 non
1493 728 1539 774 in
1580 726 1749 774 falsum

90 797 242 845 iactis.
563 843 567 846 Α

194 866 276 914 51.
316 864 505 914 Interea
537 864 728 913 barbari
754 865 960 912 catervis
986 863 1299 913 decurrentes
1334 879 1458 914 nunc
1499 866 1544 912 in
1577 865 1751 913 vallum

87 934 319 983 manualia
350 949 483 994 saxa,
513 941 763 998 praeustas
785 932 956 995 sudeS,
998 933 1162 981 decisa
1201 935 1377 982 robora
1408 935 1593 996 iacere,
1627 949 1752 982 nunc

90 1003 308 1067 virgultis
335 1011 381 1052 et
409 1003 617 1052 cratibus
643 1010 691 1051 et
717 1002 1004 1067 corporibus
1033 1003 1262 1051 exanimis
1290 1003 1539 1067 complere
1571 1004 1750 1068 fossas,

18 1120 24 1126 ,
90 1073 273 1138 quidam
301 1075 459 1137 pontis
487 1081 534 1120 et
564 1072 720 1121 scalas
755 1079 862 1120 ante
899 1071 1120 1120 fabricati
1157 1073 1336 1120 inferre
1374 1073 1752 1137 propugnaculis

88 1157 240 1206 eaque
270 1157 517 1206 prensare,
547 1141 800 1190 detrahere
834 1148 880 1189 et
907 1140 1158 1190 adversum
1183 1143 1452 1199 resistentis
1490 1143 1750 1191 comminus
1773 1162 1792 1193 5

87 1213 185 1260 niti.
245 1211 382 1260 miles
410 1219 574 1260 contra
601 1210 854 1259 deturbare
885 1210 1011 1273 telis,
1046 1211 1230 1275 pellere
1262 1210 1750 1275 umbonibuS,‘mura-

87 1280 148 1329 lia
188 1280 311 1344 pila,
355 1288 614 1344 congestas
654 1280 860 1345 lapidum
897 1279 1050 1328 moles
1095 1281 1406 1345 provolvere.
1463 1280 1537 1329 his
1584 1288 1750 1346 partae

89 1350 318 1397 victoriae
348 1365 461 1414 spes
491 1357 554 1412 et,
583 1351 622 1398 si
651 1348 848 1412 cedant,
877 1349 1146 1412 insignitius
1177 1350 1432 1413 flagitium,
1469 1349 1564 1398 illis
1592 1357 1749 1398 extre·

86 1433 158 1467 ma
195 1420 282 1466 iam
324 1419 451 1467 salus
492 1426 538 1467 et
576 1418 862 1468 adsistentes
909 1419 1155 1483 plerisque
1198 1427 1375 1468 matres
1421 1427 1468 1467 et
1515 1420 1750 1481 coniuges

87 1502 342 1551 earumque
363 1488 567 1536 lamenta
595 1488 766 1536 addunt
791 1489 987 1537 animos.
1035 1502 1132 1536 nox
1151 1489 1258 1537 aliis
1285 1490 1331 1536 in
1359 1488 1621 1551 audaciam,
1645 1488 1750 1536 aliis
1768 1505 1813 1538 10

85 1556 141 1606 ad
163 1556 458 1606 formidinem
481 1565 742 1622 oportuna;
771 1559 940 1606 incerti
966 1558 1105 1620 ictuS,
1127 1557 1324 1606 vulnera
1347 1559 1618 1622 inprovisa;
1644 1571 1750 1605 suo-

83 1640 183 1674 rum
212 1634 352 1691 atque
375 1626 579 1675 hostium
614 1628 853 1690 ignoratio
886 1634 933 1675 et
967 1627 1141 1676 montis
1180 1627 1396 1675 anfractu
1428 1641 1751 1691 repercussae

84 1695 215 1743 velut
252 1710 276 1744 a
314 1703 454 1759 tergo
493 1711 642 1745 voces
679 1696 801 1745 adeo
844 1704 1010 1744 cuncta
1056 1697 1371 1760 miscuerant,
1421 1703 1469 1744 ut
1519 1695 1750 1760 quaedam

83 1766 366 1814 munimenta
406 1766 603 1814 Romani
644 1766 777 1830 quasi
811 1773 1039 1830 perrupta
1078 1766 1336 1814 omiserint.
1399 1780 1559 1829 neque
1594 1772 1752 1813 tamen

87 1847 349 1897 pervasere
396 1834 562 1882 hostes
618 1836 707 1883 nisi
757 1834 1004 1884 admodum
1053 1834 1221 1898 pauci:
1277 1841 1471 1883 ceteros
1489 1873 1500 1893 ‚
1559 1834 1749 1883 deiecto
1770 1848 1819 1881 15-

88 1903 446 1966 promptissimo
475 1918 666 1967 quoque
693 1911 769 1951 aut
794 1904 986 1966 saucin,
1019 1900 1275 1967 adpetente
1314 1904 1405 1951 iam
1430 1903 1539 1951 luce
1564 1912 1753 1952 trusere

84 1972 131 2018 in
171 1986 346 2019 summa
389 1971 606 2034 castelli,
643 1971 721 2020 ubi
763 1971 952 2021 tandem
997 1979 1165 2020 coacta
1204 1972 1397 2020 deditio.
1452 1980 1499 2020 et
1537 1974 1754 2036 proxima

86 2047 258 2104 sponte
284 2041 544 2090 incolarum
572 2048 795 2105 recepta:
835 2041 1060 2104 reliquiS,
1088 2055 1182 2104 quo
1210 2043 1362 2089 minus
1387 2041 1432 2088 vi
1461 2048 1537 2089 aut
1566 2040 1753 2088 obsidio

87 2108 450 2173 subigerentur,
479 2118 779 2175 praematura
804 2111 976 2158 montis
1001 2109 1168 2158 Haemi
1196 2117 1242 2157 et
1276 2124 1420 2157 saeva
1457 2109 1608 2157 hiems
1645 2109 1753 2158 sub—

84 2180 230 2227 venit.
1765 2195 1816 2229 20·-

192 2248 274 2297 52.
315 2248 378 2297 At
403 2249 585 2298 Romae
616 2256 850 2298 commota
877 2249 1109 2313 principis
1136 2247 1308 2310 dom0,
1345 2254 1394 2296 ut
1431 2249 1586 2304 series
1612 2247 1756 2296 futuri

85 2318 131 2366 in
160 2317 478 2382 Agrippinam
507 2319 638 2367 exitii
665 2319 927 2383 inciperet,
957 2317 1152 2367 Claudia
1178 2317 1381 2365 Pulchra
1419 2316 1613 2366 sobrina
1653 2319 1754 2366 eius

85 2387 354 2451 postulatur
380 2395 639 2437 accusante
664 2387 872 2436 Domitio
900 2387 1039 2437 Afro.
1093 2388 1134 2434 is
1163 2401 1339 2434 recens
1366 2394 1590 2450 praetura
1611 2423 1624 2448 ,
1653 2401 1752 2435 mo·

86 2455 219 2504 dicus
246 2456 531 2520 dignationis
557 2464 604 2505 et
630 2471 822 2521 quoquo
843 2457 1060 2505 facinore
1083 2470 1322 2521 properus
1345 2455 1637 2517 clarescere,
1664 2456 1753 2505 cri-

84 2538 191 2573 men
210 2520 543 2590 inpudicitiae,
565 2526 828 2574 adulterum
852 2526 1100 2588 Furnium,
1141 2525 1376 2573 veneficia
1412 2526 1458 2572 in
1486 2524 1794 2588 principems

88 2602 134 2643 et
160 2594 447 2645 devotiones
494 2595 781 2645 obiectabat.
837 2595 1106 2659 Agrippina
1146 2609 1337 2657 semper
1374 2600 1537 2653 atrox,
1575 2599 1669 2640 tum
1707 2599 1755 2641 et

88 2665 304 2727 periculo
328 2667 629 2730 propinquae
658 2669 884 2726 accensa,
913 2665 1070 2728 pergit
1098 2663 1152 2710 ad
1181 2662 1420 2711 Tiberium
1449 2675 1506 2708 ac
1530 2660 1656 2709 forte
1682 2677 1752 2710 sa·

89 2732 378 2782 crificantem
405 2736 528 2799 patri
566 2734 798 2799 repperit.
862 2747 955 2797 quo
998 2733 1128 2781 initio
1165 2730 1370 2779 invidiae
1405 2743 1499 2776 non
1528 2729 1754 2778 ,eiusdem

89 2800 152 2848 ait
178 2810 388 2851 mactare
416 2804 525 2855 divo
552 2804 773 2866 Augusto
801 2803 1018 2850 victimas
1051 2808 1097 2849 et
1124 2806 1352 2865 posteros
1380 2798 1480 2846 eius
1509 2799 1752 2847 insectari.

88 2882 182 2917 uon
209 2871 253 2919 in
282 2872 469 2935 efligies
500 2880 651 2920 mutas
681 2872 885 2920 divinum
914 2871 1127 2935 spiritum
1154 2868 1466 2916 transfusum:
1508 2883 1560 2916 se
1587 2869 1752 2932 imagi·
1773 2878 1818 2912 10
