1976 3224
128 260 136 264 »-
206 233 304 281 140
656 243 932 282 CORNELII
954 244 1149 283 TACITI
1168 246 1475 283 ANNALmM

145 388 188 422 ιε
207 372 458 436 provincia
480 371 784 435 obvenerat,
822 389 969 438 super
1003 388 1247 421 numerum
1281 373 1557 436 legaretur,
1594 374 1671 437 qui
1710 372 1878 437 templi

203 457 362 490 curam
401 443 690 506 susciperet.
758 450 806 491 et
849 444 957 507 quia
993 442 1205 507 Lepidus
1243 444 1351 508 ipse
1399 442 1617 505 deligere
1652 457 1742 506 per
1775 457 1876 490 mo·

201 511 402 559 destiam
449 511 716 574 abnuebat,
761 513 987 561 Valerius
1031 512 1162 561 Naso
1209 528 1236 560 e
1281 514 1542 577 praetoriis
1590 519 1724 562 sorte
1767 513 1877 560 mis·

201 596 284 629 sus
313 589 401 629 est.

309 653 398 699 57..
430 650 560 699 Inter
596 666 720 716 quae
759 651 836 700 diu
882 651 1111 701 meditato
1149 652 1442 716 prolatoque
1486 651 1680 716 saepius
1722 653 1881 700 consi-

202 719 267 769 lio
295 720 486 769 tandem
514 720 697 770 Caesar
723 722 770 769 in
798 720 1106 786 Campaniam
1134 721 1406 784 abscessit,
1437 723 1605 788 specie
1626 721 1882 770 dedicandi

202 790 381 854 templa
409 790 535 855 apud
565 789 777 855 Capuam
802 791 938 855 Iovi,
974 791 1100 856 apud
1125 792 1298 840 Nolam
1326 791 1575 855 August0,
1605 791 1692 840 sed
1722 799 1883 840 certus

203 859 376 925 procul
413 860 535 908 urbe
565 860 767 924 degere.
842 877 1034 910 causam
1071 862 1333 911 abscessus
1375 877 1659 927 quamquam
1687 869 1885 910 secutus

164 948 184 980 5
208 930 438 994 plurimos
465 937 712 979 auctorum
739 931 797 979 ad
826 933 987 980 Seiani
1015 939 1146 980 artes
1171 931 1357 996 rettuli,
1397 934 1503 996 quia
1546 939 1704 980 tamen
1734 930 1886 980 caede

203 1002 307 1048 eius
343 1008 529 1064 patrata
556 1015 645 1049 sex
681 1009 855 1064 postea
897 1015 1050 1050 annos
1093 1002 1195 1066 pari
1233 1009 1427 1050 secreto
1464 1003 1736 1065 coniunxit,
1782 1001 1886 1066 ple-

201 1084 401 1133 rumque
429 1084 750 1134 permoveor,
789 1087 897 1119 num
936 1071 993 1119 ad
1031 1073 1187 1136 ipsum
1223 1072 1399 1120 referri
1426 1072 1589 1120 verius
1617 1071 1703 1133 sit,
1730 1073 1885 1119 saevi-

201 1141 312 1188 tiam
347 1154 405 1187 ac
445 1139 688 1188 libidinem
730 1156 834 1189 cum
871 1141 1015 1190 factis
1052 1148 1328 1206 promeret,
1375 1141 1500 1189 locis
1545 1141 1885 1190 occultantem.

204 1215 340 1257 erant
375 1210 453 1272 qui
497 1209 755 1258 crederent
790 1212 837 1259 in
876 1218 1127 1259 senectute
1171 1212 1396 1274 corporis
1437 1225 1631 1275 quoque
1676 1209 1887 1259 habitum

145 1293 187 1327 10
205 1277 377 1345 pudori
402 1279 580 1328 fuisse:
619 1281 801 1344 quippe
842 1281 909 1328 illi
948 1280 1266 1345 praegracilis
1294 1289 1341 1328 et
1370 1282 1566 1329 incurva
1595 1281 1887 1344 proceritaS,

202 1349 355 1397 nudus
383 1349 564 1412 capillo
592 1357 794 1414 vertex,
836 1350 1060 1399 ulcerosa
1088 1351 1243 1399 facies
1276 1365 1334 1399 ac
1361 1351 1647 1415 plerumque
1679 1350 1887 1399 medica-

200 1418 404 1466 minibus
430 1419 758 1477 interstincta;
798 1428 845 1469 et
868 1420 1026 1469 Rhodi
1067 1429 1261 1470 secreto
1289 1423 1442 1469 vitare
1478 1428 1675 1482 coetuS,
1715 1435 1887 1483 recon-

203 1488 320 1537 dere
354 1488 635 1553 voluptates
674 1490 903 1539 insuerat.
981 1491 1182 1542 traditur
1225 1493 1367 1539 etiam
1413 1492 1576 1539 matris
1623 1491 1888 1555 inpotentia

205 1565 477 1622 extrusum,
526 1573 666 1623 quam
711 1559 1051 1609 dominationis
1099 1562 1279 1608 sociam
1330 1560 1680 1624 aspernabatur
1729 1575 1887 1624 neque

146 1643 188 1675 15
207 1627 458 1692 depellere
490 1636 711 1692 poterat,
750 1645 855 1678 cum
884 1629 1256 1678 dominationem
1295 1631 1447 1693 ipsam
1479 1629 1652 1677 donum
1681 1631 1782 1678 eius
1809 1644 1886 1678 ac·

206 1699 435 1761 cepisset.
510 1713 616 1746 nam
661 1699 962 1749 dubitaverat
1009 1700 1258 1763 Augustus
1301 1699 1659 1762 Germanicum,
1703 1700 1888 1748 sororis

202 1774 433 1830 nepotem
475 1774 522 1815 et
559 1770 742 1816 cunctis
780 1769 1045 1831 laudatum,
1086 1771 1157 1817 rei
1194 1770 1442 1818 Romanae
1479 1770 1756 1832 imponere,
1801 1767 1887 1817 sed

204 1835 434 1901 precibus
460 1839 626 1885 uxoris
669 1840 854 1886 evictus
891 1839 1086 1887 Tiberio
1116 1838 1475 1901 Germanicum,
1513 1837 1604 1886 sibi
1642 1838 1885 1887 Tiberium

205 1906 426 1954 adscivit.
482 1906 626 1970 idque
652 1907 873 1970 Augusta
902 1908 1248 1972 exprobrabat,
1275 1907 1589 1973 reposcebat.

312 1974 395 2025 58.
434 1976 683 2026 Profectio
712 1986 818 2026 arto
848 1980 1073 2027 comitatu
1099 1978 1210 2027 fuit:
1248 1994 1368 2027 unus
1410 1985 1605 2027 senator
1635 1976 1885 2027 consulatu

203 2046 413 2105 functuS,
443 2045 686 2095 Cocceius
712 2046 894 2109 Nerva,
926 2050 1001 2096 cui
1028 2048 1189 2111 legum
1222 2050 1423 2112 peritia,
1467 2062 1619 2112 eques
1643 2047 1885 2096 Romanus

204 2122 400 2180 praeter
429 2117 652 2164 Seianum
680 2133 739 2165 ex
780 2117 1060 2166 inlustribus
1088 2117 1279 2166 Curtius
1315 2117 1535 2179 Atticus,
1575 2118 1726 2165 ceteri
1767 2116 1884 2164 libe·

203 2184 385 2233 ralibus
423 2184 592 2233 studiis
631 2186 862 2250 praediti,
912 2187 1064 2236 ferme
1102 2186 1302 2250 Graeci,
1343 2202 1544 2251 quorum
1583 2185 1885 2235 sermonibus

161 2254 466 2303 slevaretur.
530 2255 752 2304 ferebant
791 2258 932 2320 periti
980 2257 1259 2306 caelestium
1306 2258 1363 2305 iis
1416 2256 1624 2305 motibus
1678 2255 1884 2304 siderum

206 2325 483 2371 excessisse
511 2324 663 2373 Roma
699 2325 969 2387 Tiberium,
1011 2334 1059 2374 ut
1095 2326 1277 2374 reditus
1314 2327 1383 2374 illi
1425 2333 1701 2388 negaretur.
1761 2325 1883 2373 unde

205 2393 340 2440 exitii
370 2407 512 2440 causa
539 2394 698 2442 multis
730 2395 817 2442 fuit
856 2409 1118 2459 properum
1157 2396 1295 2443 finem
1334 2398 1460 2443 vitae
1502 2394 1884 2443 coniectantibus

204 2461 636 2526 vulgantibusque;
673 2479 830 2528 neque
868 2466 991 2511 enim
1033 2472 1127 2513 tam
1153 2463 1487 2512 incredibilem
1520 2478 1682 2512 casum
1721 2464 1881 2528 provi-

205 2531 404 2593 debant,
444 2537 504 2579 ut‘
532 2532 750 2581 undecim
789 2549 878 2597 per
915 2548 1065 2582 annos
1106 2534 1263 2582 libens
1299 2535 1455 2597 patria
1495 2539 1700 2582 careret.
1769 2546 1884 2581 mox

146 2623 186 2655 10
206 2602 354 2665 patuit
380 2600 530 2650 breve
570 2603 825 2651 confinium
863 2604 978 2651 artis
1016 2611 1063 2651 et
1095 2603 1232 2666 falsi,
1270 2618 1484 2667 veraque
1524 2617 1660 2666 quam
1707 2600 1881 2651 obscu-

203 2672 270 2718 ris
307 2677 605 2733 tegerentur.
668 2687 775 2720 nam
810 2673 854 2720 in
890 2672 1056 2721 urbem
1088 2687 1183 2721 non
1220 2687 1557 2736 regressurum
1593 2671 1716 2720 haud
1755 2671 1882 2719 forte

204 2738 405 2787 dictum:
448 2748 715 2790 ceterorum
750 2743 904 2790 nescii
952 2757 1130 2805 egere,
1180 2757 1285 2791 cum
1329 2743 1600 2807 propinquo
1647 2756 1758 2789 rure
1804 2747 1882 2789 aut

202 2808 347 2856 litore
385 2817 432 2856 et
476 2826 626 2874 saepe
662 2813 849 2859 moenia
887 2811 1016 2859 urbis
1059 2811 1283 2860 adsidens
1328 2819 1588 2859 extremam
1632 2817 1879 2858 senectam

205 2877 538 2940 compleverit.

309 2946 391 2994 59.
426 2946 499 2994 Ac
536 2949 662 2997 forte
699 2949 796 2997 illis
840 2948 1008 2996 diebus
1047 2948 1254 2998 oblatum
1297 2948 1494 2998 Caesari
1532 2963 1714 3012 anceps
1753 2949 1879 3014 peri·
