1976 3224
210 193 280 246 48
641 206 916 245 CORNELII
940 206 1135 244 ΤΑΟΙΤΙ
1157 206 1468 246 ANNALmM

213 342 478 384 currerent.
529 340 697 382 noster
721 336 968 387 exercitus
990 335 1061 383 sic
1085 335 1309 385 incessit:
1337 336 1596 386 auxiliares
1623 335 1747 387 Galli
1771 335 1892 387 Ger·

210 406 433 468 manique
470 405 519 452 in
558 404 748 467 fronte,
787 412 899 469 post
937 419 1058 469 quos
1097 406 1287 469 pedites
1316 407 1574 468 sagittarii;
1622 406 1732 455 dein
1757 415 1892 471 quat-

153 489 195 523 io
212 484 322 524 tuor
347 475 571 537 legiones
601 481 649 522 et
674 489 780 522 cum
805 474 989 523 duabus
1016 476 1274 539 praetoriis
1304 474 1588 524 cohortibus
1615 492 1672 526 ac
1697 475 1891 526 delecto

212 546 372 610 equite
400 543 605 600 Caesam
646 545 774 592 exim
800 544 1000 593 totidem
1025 545 1150 594 aliae
1178 545 1404 608 legiones
1431 553 1480 593 et
1505 545 1629 594 levis
1657 553 1894 596 armatura

213 631 319 664 cum
344 616 505 679 equite
531 614 783 676 sagittario
811 613 1105 678 ceteraeque
1125 616 1368 664 sociorum
1389 615 1634 665 cohortes.
1684 617 1895 664 intentus

211 692 504 751 paratusque
527 684 693 746 mileS,
721 691 772 732 ut
798 685 919 733 ordo
947 686 1149 748 agminis
1176 687 1223 734 in
1251 686 1404 735 aciem
1429 684 1703 734 adsisteret.

319 757 399 804 17.
424 755 557 803 Visis
587 751 944 803 Cheruscorum
979 756 1216 819 caterviS,
1254 770 1379 819 quae
1408 771 1496 821 per
1521 756 1756 804 ferociam
1781 769 1893 820 pro-

209 831 467 890 ruperant,
509 823 834 874 validissimos
871 825 1082 889 equitum
1119 821 1370 874 incurrere
1413 826 1564 889 latuS,
1618 825 1895 874 Stertinium

212 909 318 944 cum
347 895 526 943 ceteris
550 895 715 942 turmis
743 894 1065 957 circumgredi
1090 902 1329 959 tergaque
1354 895 1586 945 invadere
1605 895 1758 958 iubet,
1785 896 1895 960 ipse

209 966 257 1014 in
287 972 510 1029 tempore
538 963 802 1013 adfuturus.
862 967 1046 1013 interea
1074 965 1445 1029 pulcherrimum
1478 966 1750 1028 augurium,
1780 972 1894 1014 octo

171 1056 192 1087 5
216 1035 405 1099 aquilae
434 1042 604 1100 petere
636 1035 783 1083 silvas
811 1042 859 1083 et
882 1035 1062 1084 intrare
1088 1037 1224 1084 visae
1249 1037 1592 1100 imperatorem
1617 1035 1893 1084 advertere.

211 1105 450 1154 exclamat
469 1105 616 1166 irent,
646 1113 966 1169 sequerentur
984 1105 1229 1153 Romanas
1250 1121 1396 1168 aveS,
1427 1106 1628 1171 propria
1649 1105 1895 1168 legionum

209 1175 415 1224 numina.
479 1174 619 1222 simul
661 1175 903 1239 pedestris
943 1175 1075 1223 acies
1105 1175 1306 1224 infertur
1344 1183 1393 1224 et
1420 1175 1716 1240 praemissus
1743 1189 1894 1239 eques

211 1252 489 1311 postremos
528 1260 584 1293 ac
620 1244 771 1293 latera
812 1245 1013 1310 impulit.
1073 1247 1338 1309 mirumque
1375 1245 1529 1308 dictu,
1568 1245 1661 1294 duo
1687 1245 1896 1295 hostium

211 1315 402 1379 agmina
438 1314 631 1362 diversa
669 1315 812 1378 fuga,
852 1316 931 1379 qui
967 1314 1137 1364 silvam
1172 1323 1452 1377 tenuerant,
1495 1317 1542 1363 in
1578 1322 1770 1380 aperta,
1815 1315 1897 1379 qui

158 1397 196 1430 ιο
218 1385 400 1448 campis
435 1383 736 1448 adstiterant,
774 1386 821 1433 in
851 1385 1019 1434 silvam
1051 1384 1270 1434 ruebant.
1329 1385 1471 1434 medii
1502 1387 1626 1434 inter
1650 1385 1740 1434 bos
1771 1383 1894 1433 Che-

210 1455 342 1504 rusci
380 1454 587 1503 collibus
620 1454 1025 1517 detrudebantur,
1073 1457 1198 1503 inter
1242 1470 1367 1519 quos
1412 1456 1615 1519 insignis
1653 1455 1896 1503 Arminius

211 1540 353 1574 manu
388 1525 514 1573 voce
555 1525 754 1573 vulnere
783 1525 1083 1574 sustentabat
1120 1540 1346 1589 pugnam.
1407 1525 1786 1589 incubueratque
1815 1538 1893 1573 sa-

213 1596 444 1659 gittariiS,
471 1595 553 1643 illa
579 1602 829 1658 rupturuS,
854 1597 902 1644 ni
928 1596 1194 1645 Raetorum
1219 1594 1684 1659 Vindelicorumque
1708 1603 1757 1643 et
1786 1593 1894 1644 Gal-

212 1666 339 1714 licae
365 1665 595 1713 cohortes
622 1667 760 1728 signa
792 1665 1106 1715 obiecissent.
1167 1666 1272 1714 nisu
1307 1673 1465 1714 tamen
1491 1666 1714 1730 corporis
1741 1672 1788 1712 et
1812 1666 1893 1712 im-

156 1748 198 1782 15
217 1742 330 1801 petu
356 1736 467 1798 equi
496 1736 734 1799 pervasit,
764 1735 941 1784 oblitus
970 1736 1145 1785 faciem
1170 1750 1258 1784 suo
1279 1749 1480 1799 cruore,
1508 1750 1570 1783 ne
1590 1741 1894 1784 nosceretur.

216 1804 405 1870 quidam
441 1804 684 1867 adgnitum
720 1821 747 1854 a
775 1804 983 1854 Chaucis
1017 1806 1142 1853 inter
1175 1805 1353 1855 auxilia
1387 1806 1603 1856 Romana
1641 1804 1895 1868 agentibus

216 1878 538 1939 emissumque
565 1874 877 1924 tradiderunt.
942 1877 1094 1924 virtus
1121 1890 1207 1924 seu
1232 1876 1363 1924 fraus
1394 1876 1562 1925 eadem
1585 1875 1893 1938 Inguiomero

216 1946 443 2008 effugium
469 1944 626 1994 dedit:
656 1946 807 1995 ceteri
832 1947 1011 2009 passim
1037 1945 1274 1994 trucidati.
1330 1954 1378 1995 et
1410 1947 1677 2011 plerosque
1702 1952 1895 1994 tranare

214 2017 463 2079 Visurgim
510 2023 742 2064 conantes
786 2017 964 2065 iniecta
1009 2016 1108 2065 tela
1143 2023 1223 2065 aut
1258 2017 1333 2065 vis
1369 2017 1596 2080 fluminiS,
1647 2022 1893 2080 postremo

155 2093 198 2126 20
215 2086 370 2134 moles
391 2086 627 2134 ruentium
648 2086 976 2135 etincidentes
989 2087 1126 2151 ripae
1148 2101 1405 2151 operuere.
1431 2085 1620 2152 quidam
1639 2087 1764 2148 turpi
1778 2084 1897 2146 fuga

214 2158 261 2204 in
275 2172 454 2205 summa
468 2155 694 2205 arborum
712 2158 803 2204 nisi
823 2158 1069 2221 ramisque
1088 2172 1140 2204 se
1163 2157 1464 2206 occultantes
1481 2155 1684 2204 admotis
1698 2154 1894 2216 sagitta-

214 2228 298 2274 riis
327 2242 413 2290 per
433 2226 686 2274 ludibrium
709 2226 1007 2290 figebantur,
1021 2226 1143 2275 alios
1168 2234 1396 2290 prorutae
1418 2224 1623 2274 arbores
1645 2223 1894 2273 adflixere.

281 2332 300 2355 x
327 2295 406 2344 18.
443 2297 619 2358 Magna
655 2312 713 2345 ea
750 2298 958 2345 victoria⁴
989 2311 1150 2359 neque
1177 2304 1375 2344 cruenta
1399 2294 1539 2343 nobis
1567 2294 1670 2342 fuit.
1731 2293 1895 2357 quinta

215 2365 275 2414 ab
318 2365 436 2413 hora
474 2365 567 2412 diei
604 2366 662 2414 ad
709 2374 903 2414 noctem
944 2368 1075 2414 caesi
1111 2366 1280 2414 hostes
1317 2366 1488 2414 decem
1514 2364 1641 2413 milia
1673 2377 1896 2428 passuum

218 2435 535 2484 cadaveribus
563 2443 705 2499 atque
739 2437 881 2483 armis
908 2435 1203 2499 opplevere,
1232 2437 1441 2501 repertis
1471 2436 1595 2483 inter
1624 2433 1783 2497 spolia
1811 2447 1893 2481 eo·

217 2521 320 2553 rum
355 2506 565 2568 cateniS,
605 2519 722 2568 quas
753 2507 801 2552 in
825 2506 1071 2553 Romanos
1097 2512 1145 2552 ut
1170 2520 1266 2553 non
1295 2504 1437 2554 dubio
1464 2511 1639 2553 eventu
1668 2510 1893 2568 portave-

174 2587 195 2618 5
216 2583 336 2624 rant.
397 2574 536 2623 miles
572 2575 619 2621 in
654 2575 767 2623 loco
805 2575 979 2639 proelii
1017 2573 1260 2624 Tiberium
1294 2577 1637 2639 imperatorem
1671 2572 1897 2621 salutavit

217 2646 487 2710 struxitque
529 2659 764 2708 aggerem
801 2653 848 2693 et
883 2646 930 2692 in
966 2645 1156 2694 modum
1191 2654 1501 2710 tropaeorum
1531 2659 1655 2693 arma
1684 2641 1893 2691 subscri-

219 2717 310 2778 ptis
336 2716 567 2764 victarum
601 2716 812 2778 gentium
837 2714 1107 2764 nominibus
1132 2716 1375 2779 imposuit.

326 2786 404 2834 19.
451 2784 586 2834 Haud
633 2785 833 2849 perinde
879 2784 1143 2834 Germanos
1190 2786 1415 2847 vulnera,
1462 2784 1648 2846 luctus,
1703 2780 1895 2830 excidia

219 2868 356 2917 quam
393 2870 450 2902 ea
488 2857 680 2917 species
709 2854 880 2903 dolore
919 2863 966 2903 et
991 2857 1060 2903 ira
1088 2854 1281 2903 adfecit.
1332 2856 1410 2918 qui
1437 2853 1580 2902 modo
1609 2853 1742 2902 abire
1769 2849 1894 2899 sedi-

218 2922 335 2986 bus,
363 2930 493 2971 trans
518 2924 677 2971 Albim
706 2923 978 2972 concedere
1008 2922 1265 2988 parabant,
1304 2938 1512 2989 pugnam
1540 2923 1738 2985 volunt,
1764 2934 1895 2970 arma
