1976 3224
216 257 321 308 230
635 264 917 303 CORNELII
948 263 1144 302 TACITI
1179 265 1489 303 ANNALIUM

216 411 278 444 ne
304 393 575 444 senioribus
604 393 796 458 quidem
827 394 1058 457 principis
1085 394 1252 441 amicis
1282 391 1674 455 adversantibus,
1703 393 1889 442 mulier·

220 466 327 514 cula
366 464 496 513 nulla
539 465 820 527 cuiusquam
857 463 1025 511 iniuria
1069 462 1318 527 cupidines
1363 463 1598 527 principis
1644 463 1891 527 explente,

218 534 408 600 quando
435 548 591 582 uxore
614 532 673 582 ab
706 532 927 595 Octavia,
952 532 1103 580 nobili
1133 533 1323 597 quidem
1345 539 1393 580 et
1421 531 1676 597 probitatis
1701 541 1893 598 specta-

159 626 202 661 10
219 613 323 668 tae,
365 605 464 653 fato
504 603 737 667 quodam,
777 617 837 651 an
874 604 983 666 quia
1023 602 1309 667 praevalent
1331 601 1538 664 inlicita,
1577 601 1892 658 abhorrebat;

216 676 613 738 metuebaturque
648 689 710 721 ne
754 675 802 721 in
848 680 1014 736 stupra
1054 672 1334 721 feminarum
1376 671 1641 720 inlustrium
1677 685 1892 737 prorum·

218 753 376 812 peret,
407 745 448 793 si
476 743 558 792 illa
585 743 782 792 libidine
810 741 1167 807 prohiberetur.

319 816 400 865 13.
451 813 547 862 Sed
588 813 861 879 Agrippina
905 812 1126 861 libertam
1165 812 1416 874 aemulam,
1463 826 1628 860 nurum
1673 811 1893 860 ancillam

219 886 407 949 aliaque
444 884 647 932 eundem
675 885 722 931 in
757 883 947 931 modum
985 882 1283 931 muliebriter
1322 883 1547 930 fremere.
1598 896 1756 945 neque
1782 895 1894 945 pae-

218 956 466 1004 nitentiam
492 954 575 1002 filii
607 961 685 1002 aut
712 954 984 1002 satietatem
1012 953 1247 1017 opperiri,
1275 959 1554 1017 quantoque
1569 951 1791 1000 foediora
1812 966 1894 999 ex·

217 1025 497 1091 probrabat,
525 1025 686 1072 acrius
713 1021 1009 1083 accendere,
1040 1022 1198 1071 donec
1223 1025 1271 1071 vi
1298 1024 1473 1071 amoris
1499 1021 1725 1070 subactus
1752 1035 1895 1068 exue-

179 1119 199 1151 5
217 1104 292 1145 ret
319 1094 602 1158 obsequium
630 1094 677 1140 in
698 1100 896 1141 matrem
917 1107 1070 1156 seque
1091 1093 1313 1141 Senecae
1335 1093 1649 1156 permitteret,
1679 1106 1741 1139 ex
1764 1091 1896 1138 cuius

217 1163 531 1215 familiaribus
576 1163 806 1212 Annaeus
843 1162 1059 1211 Serenus
1102 1162 1404 1210 simulatione
1442 1163 1619 1210 amoris
1665 1160 1896 1209 adversus

219 1235 421 1285 eandem
472 1233 694 1282 libertam
750 1233 926 1296 primas
983 1232 1309 1281 adulescentis
1350 1230 1605 1296 cupidines
1648 1230 1898 1279 velaverat

218 1305 611 1371 praebueratque·
650 1316 852 1363 nomen,
892 1310 941 1350 ut
976 1317 1100 1366 quae
1129 1304 1362 1367 princeps
1389 1302 1547 1350 furtim
1586 1299 1897 1349 mulierculae

218 1373 486 1433 tribuebat,
528 1373 612 1421 ille
643 1372 801 1436 palam
836 1372 1111 1435 largiretur.
1166 1380 1262 1420 tum
1292 1372 1565 1436 Agrippina
1594 1372 1749 1419 versis
1788 1372 1895 1418 arti-

160 1445 311 1499 1obus
335 1460 424 1510 per
459 1443 780 1492 blandimenta
821 1444 1041 1491 iuvenem
1077 1442 1307 1506 adgredi,
1352 1457 1484 1491 suum
1521 1442 1680 1506 potius
1707 1439 1897 1489 cubicu-

218 1517 313 1564 lum
340 1529 398 1564 ac
428 1515 579 1563 sinum
600 1513 785 1561 >offerre
813 1511 1134 1574 contegendis
1163 1528 1286 1576 quae
1312 1514 1464 1578 prima
1489 1519 1624 1562 aetas
1646 1518 1695 1559 et
1721 1524 1898 1571 summa

219 1587 409 1635 fortuna
451 1590 765 1648 expeterent:
809 1583 920 1645 quin
950 1591 996 1630 et
1033 1582 1274 1630 fatebatur
1299 1583 1684 1646 intempestivam
1714 1580 1895 1628 severi-

218 1663 364 1705 tatem
386 1662 434 1703 et
454 1668 644 1702 suarum
666 1666 826 1716 opum,
857 1667 978 1715 quae
1000 1652 1123 1701 haud
1147 1652 1318 1716 procul
1339 1651 1662 1716 imperatoriis
1683 1650 1898 1704 aberant,

221 1727 391 1789 copias
422 1723 666 1790 tradebat,
707 1730 756 1768 ut
790 1723 932 1770 nimia
958 1736 1112 1785 nuper
1145 1721 1423 1771 coercendo
1458 1721 1582 1783 filio,
1618 1721 1682 1768 ita
1713 1733 1898 1767 rursum

161 1811 202 1844 15
220 1798 597 1858 intemperanter
622 1791 847 1839 demissa.
885 1806 1006 1855 quae
1030 1793 1226 1842 mutatio
1254 1806 1413 1856 neque
1439 1790 1685 1840 Neronem
1705 1787 1897 1847 fefellit,

219 1874 268 1915 et
295 1864 503 1927 proximi
544 1863 807 1910 amicorum
844 1861 1120 1910 metuebant
1157 1861 1455 1926 orabantque
1487 1875 1662 1910 cavere
1701 1857 1898 1907 insidias

218 1935 432 1983 mulieris
476 1947 670 1997 semper
706 1933 915 1995 atrocis,
969 1938 1067 1980 tum
1111 1939 1160 1981 et
1198 1931 1367 1980 falsae.
1421 1932 1549 1980 forte
1587 1929 1681 1978 illis
1729 1927 1897 1977 diebus

221 2005 404 2055 Caesar
429 2005 654 2068 inspecto
685 2009 873 2064 ornatu,
909 2015 1005 2065 quo
1035 2003 1304 2066 principum
1327 2003 1565 2064 coniuges
1591 2015 1648 2048 ac
1672 2005 1898 2064 parentes

220 2074 517 2135 effulserant,
543 2071 713 2134 deligit
749 2079 936 2120 vestem
967 2079 1016 2120 et
1045 2087 1258 2135 gemmas
1298 2073 1522 2135 misitque
1560 2070 1736 2119 donum
1763 2067 1899 2115 matri

159 2166 202 2199 ,c
219 2145 349 2194 nulla
374 2143 681 2208 parsimonia,
709 2157 814 2189 cum
837 2144 1102 2208 praecipua
1123 2150 1172 2191 et
1195 2143 1354 2206 cupita
1383 2141 1490 2190 aliis
1516 2142 1649 2205 prior
1668 2138 1897 2187 deferret.

221 2215 305 2263 sed
333 2215 606 2278 Agrippina
637 2225 732 2259 non
760 2211 834 2260 his
862 2213 1029 2260 instrui
1058 2212 1213 2260 cultus
1241 2226 1383 2274 suoS,
1418 2210 1504 2259 sed
1537 2209 1714 2258 ceteris
1739 2208 1897 2256 arceri

219 2284 487 2350 proclamat
513 2290 563 2329 et
589 2281 808 2330 dividere
835 2281 999 2343 fllium,
1029 2297 1153 2346 quae
1186 2289 1357 2330 cuncta
1387 2296 1448 2329 ex
1473 2282 1579 2343 ipsa
1606 2278 1825 2328 haberet.

326 2355 408 2402 14.
448 2351 555 2400 Nec
594 2350 795 2409 defuere
834 2353 913 2415 qui
946 2352 993 2398 in
1035 2351 1248 2400 deterius
1286 2351 1541 2398 referrent.
1590 2355 1638 2396 et
1664 2347 1796 2397 Nero
1831 2347 1897 2392 in-

219 2425 386 2472 fensus
426 2422 513 2484 iis,
558 2419 732 2485 quibus
769 2420 998 2485 superbia
1035 2420 1283 2469 muliebris
1322 2419 1636 2478 innitebatur,
1676 2418 1900 2466 demovet

218 2493 483 2543 Pallantem
519 2504 631 2538 cura
666 2505 852 2552 rerum,
894 2492 1000 2554 quis
1038 2506 1063 2539 a
1092 2489 1293 2539 Claudio
1331 2489 1582 2554 impositus
1608 2488 1738 2536 velut
1773 2484 1898 2533 arbi-

219 2564 358 2612 trium
386 2562 526 2624 regni
554 2560 757 2622 agebat;
785 2559 1131 2625 ferebaturque
1158 2559 1479 2623 degrediente
1507 2571 1567 2607 eo
1587 2569 1762 2621 magna
1784 2568 1896 2619 pro-

179 2634 522 2699 ssequentium
555 2628 855 2681 multitudine
894 2645 992 2680 non
1029 2629 1237 2679 absurde
1277 2629 1483 2692 dixisse,
1525 2628 1596 2675 ire
1636 2625 1899 2691 Pallantem

217 2711 269 2752 ut
299 2704 522 2751 eiuraret.
577 2715 695 2750 sane
723 2701 987 2765 pepigerat
1010 2699 1169 2749 Pallas
1196 2714 1256 2748 ne
1284 2700 1419 2748 cuius
1446 2697 1640 2747 factiin
1665 2696 1897 2760 praeteri·

218 2781 314 2820 tum
340 2774 726 2833 interrogaretur
751 2784 994 2833 paresque
1024 2771 1238 2818 rationes
1264 2783 1370 2817 cum
1390 2782 1443 2815 re
1465 2764 1658 2830 publica
1677 2763 1897 2814 haberet.

222 2857 462 2906 praeceps
489 2839 695 2903 posthac
723 2838 995 2902 Agrippina
1021 2853 1163 2887 ruere
1187 2838 1247 2886 ad
1273 2845 1509 2885 terrorem
1541 2841 1589 2881 et
1613 2837 1788 2895 minas,
1816 2847 1897 2880 ne-

221 2926 314 2975 que
353 2905 586 2973 principis
614 2908 807 2955 auribus
847 2909 1091 2956 abstinere
1126 2922 1221 2971 quo
1266 2908 1417 2954 minus
1443 2911 1727 2967 testaretur,
1768 2902 1897 2951 adul-

164 2988 317 3028 10tum
346 2982 435 3027 iam
467 2992 578 3026 esse
607 2976 959 3038 Britannicum,
999 2991 1162 3025 veram
1190 2975 1479 3038 dignamque
1510 2975 1709 3039 stirpem
1746 2972 1876 3021 susci
