1976 3224
297 171 472 211 LIBER
496 172 604 209 xm
632 170 757 209 cAP.
787 169 1050 211 58—L13.
1076 170 1192 207 XIV.
1218 169 1341 207 GAP.
1366 172 1406 210 l.
1625 158 1726 208 253

112 309 211 343 mat.
265 301 336 343 31.
377 301 489 342 Iceni
525 299 734 340 Boudicca
765 299 871 339 du'ce
903 305 943 338 et
974 297 1251 338 Trinobantes
1279 297 1494 337 rebellant.
1549 298 1619 339 32.
1650 298 1728 339 Ca-

111 359 387 400 mulodunum
417 362 688 411 expugnant,
724 356 917 396 Petilium
944 354 1147 396 Cerialem
1169 367 1262 395 cum
1293 365 1404 394 nona
1437 355 1605 408 legione
1632 354 1729 395 fun—

112 417 228 457 dunt.
263 415 332 457 33.
363 415 396 454 A
421 413 620 455 Suetonio
641 413 855 453 desertum
877 411 1133 452 Londinium
1155 418 1196 452 et
1221 411 1512 452 Verulamium
1529 412 1727 465 spoliant,

113 475 227 514 cives
267 479 308 512 et
345 472 482 513 socios
513 471 796 511 Romanorum
832 469 1055 510 trucidant.
1105 467 1292 511 34-37,
1324 468 1579 509 Boudiccam
1617 468 1730 509 fero·

113 531 292 571 cientem
313 535 484 582 superat
504 527 742 568 Suetonius.
789 528 888 580 Ipsa
907 538 1071 566 veneno
1088 526 1219 572 vitam
1243 525 1349 566 finit.
1377 526 1559 566 Poenius
1578 525 1729 567 Postu—

112 599 206 628 mus
233 586 376 641 gladio
402 598 448 625 se
471 584 681 638 transigit.
734 583 805 625 38.
834 583 1120 624 Classicianus
1144 581 1344 623 Suetonio
1366 583 1529 623 discors
1551 595 1619 623 res
1640 587 1729 623 tur-

113 646 198 685 bat.
247 643 318 686 39.
346 643 502 683 Missus
527 641 754 693 Polyclitus
774 640 965 681 hostibus
989 645 1051 679 est
1071 639 1230 680 irrisui.
1282 639 1480 680 Suetonio
1506 639 1727 679 Petronius

111 701 380 754 Turpilianus
402 709 621 739 successor
646 698 783 738 datus.

193 757 262 797 40.
289 758 360 798 41.
391 756 450 797 Ob
477 755 629 795 falsum
655 761 949 795 testamentum
971 754 1172 793 damnati.
1220 754 1290 793 42.
1334 752 1546 793 Pedanius
1571 751 1729 793 Secun-

110 815 190 855 dus
214 815 331 855 urbis
352 813 591 867 praefectus
615 825 639 852 a
661 812 796 852 servis
820 823 983 851 caesus.
1029 809 1086 852 43
1110 809 1236 851 —45.
1261 812 1308 850 In
1330 821 1403 850 eos
1423 810 1519 864 lege
1547 810 1620 864 agi
1640 809 1728 850 vult

109 872 155 913 G.
178 870 364 918 Cassius,
394 876 434 909 et
461 876 604 909 contra
637 868 814 908 aliorum
836 868 1087 908 sententiam
1118 868 1292 908 obtinet.
1334 867 1543 920 Populum
1564 866 1728 921 suppli-

110 929 173 969 cio
194 927 444 968 renitentem
461 926 570 966 Nero
596 925 796 979 increpat.
830 924 900 966 46.
923 924 1162 975 Tarquitius
1177 924 1347 964 Priscus
1362 923 1600 967 damnatus.
1620 923 1728 965 Cen-

110 998 182 1027 sus
205 997 280 1039 per
300 983 455 1024 Gallias
477 989 610 1025 actus,
639 983 710 1022 47.
732 982 844 1022 Mors
867 981 1017 1022 3113113
1036 980 1220 1021 Memmii
1231 980 1398 1034 Reguli.
1422 979 1494 1021 48.
1520 981 1727 1022 Antistius

110 1042 340 1082 maiestatis
362 1040 540 1088 delatus,
581 1038 651 1080 49.
686 1051 712 1078 a
732 1038 918 1079 Thrasea
946 1036 1166 1081 defensus.
1204 1035 1275 1078 50.
1311 1036 1527 1078 Fabricius
1548 1037 1726 1078 Veiento

109 1098 343 1140 calumniae
363 1109 461 1138 reus
483 1096 602 1136 ltalia
620 1095 804 1149 pellitur.
836 1095 1049 1141 5l.,Burri
1069 1106 1198 1143 mors,
1221 1094 1327 1144 laus,
1350 1105 1619 1152 successores
1639 1094 1728 1134 Ru-

113 1157 182 1197 fus
217 1162 259 1195 et
294 1153 542 1207 Tigellinus.
578 1152 782 1194 52-56.
811 1152 1134 1194 criminationes
1166 1151 1375 1192 discutere
1405 1158 1527 1205 parat
1567 1151 1729 1192 Seneca

110 1212 223 1267 apud
240 1210 462 1252 Gaesarem
481 1217 520 1250 et
538 1216 811 1251 commeatum
829 1209 958 1263 petit:
984 1209 1055 1260 qui
1071 1208 1248 1249 subdole
1266 1208 1508 1261 respondet.
1538 1207 1725 1250 57-59,

111 1269 268 1310 Rufum
289 1268 496 1308 imminuit
516 1266 774 1321 Tigellinus,
798 1267 946 1306 Plauto
979 1273 1019 1306 et
1043 1264 1184 1305 Sullae
1208 1265 1444 1319 periculum
1474 1266 1623 1307 struit:
1653 1277 1726 1306 eos

112 1325 323 1381 opprimit.
363 1323 435 1366 60.
472 1323 581 1365 Nero
611 1324 735 1364 ducta
766 1324 964 1376 Poppaea
994 1322 1205 1364 Octaviam
1238 1322 1444 1363 amolitur.
1489 1322 1595 1363 Tum
1619 1322 1728 1363 hanc

109 1388 292 1431 revocat,
317 1380 388 1422 61.
411 1382 589 1422 laetante
615 1381 788 1435 populo.
832 1381 1054 1433 Poppaeae
1078 1391 1178 1420 mox
1198 1378 1334 1420 honos
1358 1380 1585 1432 repositus.
1624 1379 1727 1419 Eius

111 1439 212 1481 doli.
238 1437 425 1481 62—64.
467 1438 633 1478 Aniceti
662 1438 819 1478 scelere
850 1435 1020 1478 Octavia
1054 1437 1097 1476 111
1132 1436 1304 1476 exilium
1331 1435 1456 1490 pulsa
1487 1443 1658 1477 necatur
1684 1435 1727 1475 111

92 1495 374 1537 Pandateria.
398 1495 650 1548 Temporum
671 1494 912 1534 infelicitas.
943 1493 1013 1535 65.
1038 1492 1228 1534 Libertos
1250 1491 1548 1546 Doryphorum
1571 1499 1611 1533 et
1631 1492 1727 1532 Pal-

111 1554 265 1594 lantem
286 1563 449 1593 veneno
467 1551 574 1593 tollit
597 1552 721 1592 Nero.
762 1550 922 1591 Seneca
942 1551 1169 1590 incusatur.
1198 1550 1295 1590 Piso
1315 1549 1470 1590 Neroni
1490 1550 1724 1591 insidiatur.

190 1609 317 1651 Gesta
341 1608 445 1650 haec
472 1610 594 1650 annis
618 1609 779 1648 circiter
805 1614 1000 1660 quattuor
1022 1606 1067 1647 C.
1096 1607 1304 1660 Vipstano
1336 1606 1381 1647 C.
1406 1606 1579 1648 Fonteio
1602 1606 1727 1661 Capi-

108 1674 221 1718 tone,
242 1667 343 1720 imp.
367 1665 533 1706 Nerone
553 1666 612 1706 1v
631 1665 763 1706 Cosso
787 1665 979 1706 Cornelio
1001 1664 1178 1704 Lentulo
1192 1694 1204 1714 ,
1232 1663 1277 1704 G.
1302 1663 1507 1705 Caesonio
1529 1664 1655 1704 Paeto
1679 1662 1724 1703 C.

109 1724 307 1765 Petronio
325 1723 582 1776 Turpiliano,
605 1722 652 1762 P.
674 1721 804 1762 Mario
827 1721 948 1762 Celso
976 1721 1022 1761 L.
1048 1721 1196 1761 Asinio
1221 1719 1338 1761 Gallo
1361 1732 1469 1761 coss.

161 1781 207 1828 1.
243 1778 362 1828 Gaio
387 1780 624 1843 Vipstano
648 1778 780 1828 Gaio
805 1777 1011 1827 Fonteio
1039 1777 1317 1826 consulibus
1346 1777 1423 1825 diu
1453 1777 1725 1826 meditatum

55 1850 216 1899 scelus
251 1862 349 1896 non
382 1847 505 1897 ultra
538 1847 670 1896 Nero
701 1848 903 1909 distulit,
941 1854 1180 1896 vetustate
1218 1848 1405 1911 imperii
1447 1847 1620 1897 coalita
1647 1862 1724 1895 au·

54 1919 188 1968 dacia
230 1924 278 1966 et
313 1917 592 1981 flagrantior
627 1919 674 1965 111
711 1916 812 1964 11133
841 1931 1003 1966 3111013
1036 1917 1324 1981 Poppaeae,
1369 1932 1490 1981 quae
1517 1917 1606 1965 sibi
1630 1931 1724 1964 ma-

53 1989 320 2038 trimonium
367 1994 414 2036 31
460 1986 709 2036 discidium
746 1984 976 2035 Octaviae
1023 1986 1248 2034 incolumi
1285 1986 1557 2051 Agrippina
1596 1985 1726 2046 1131111

56 2073 285 2124 1111313113,
327 2057 509 2106 crebris
550 2055 979 2119 criminationibus,
1019 2055 1272 2120 aliquando
1306 2071 1394 2120 per
1428 2057 1630 2105 facetias
1656 2056 1722 2103 in·
1746 2071 1766 2103 5

57 2134 247 2177 cusaret
273 2129 540 2192 principem
568 2135 615 2175 31
642 2126 872 2192 pupillum
899 2132 1123 2188 vocaret,
1163 2127 1242 2189 qui
1270 2126 1411 2173 iussis
1439 2126 1608 2174 alienis
1641 2124 1725 2173 ob·

54 2197 226 2246 noxius
263 2211 358 2245 non
387 2197 528 2246 modo
562 2197 749 2261 imperii
784 2196 871 2244 sed
896 2196 1132 2244 libertatis
1169 2197 1307 2244 etiam
1338 2195 1592 2258 indigeret.
1642 2210 1727 2244 cur

56 2268 180 2316 3111111
228 2266 405 2314 differri
452 2268 639 2331 nuptias
689 2263 833 2314 suas?
893 2265 1091 2314 formam
1143 2266 1333 2313 33111331
1379 2264 1640 2329 displicere
1681 2272 1727 2313 et

55 2335 364 2400 triumphales
392 2351 534 2398 avos,
578 2351 635 2384 311
662 2335 1000 2384 fecunditatem
1025 2342 1072 2383 et
1098 2350 1262 2383 verum
1288 2333 1523 2384 animum?
1572 2336 1725 2383 timeri

55 2421 116 2455 ne
146 2419 268 2453 uxor
289 2405 457 2453 saltem
488 2406 682 2455 iniurias
710 2413 918 2470 patrum,
956 2407 1071 2453 iram
1100 2405 1266 2470 populi
1297 2404 1529 2454 adversus
1557 2419 1721 2468 super—
1744 2418 1783 2450 10

57 2475 181 2524 biam
208 2475 548 2539 avaritiamque
575 2477 737 2524 matris
774 2476 974 2539 aperiat.
1033 2474 1161 2539 quod
1190 2476 1230 2523 si
1257 2490 1421 2522 nurum
1452 2474 1723 2538 Agrippina

56 2559 153 2593 non
190 2545 279 2592 nisi
313 2544 407 2593 filio
434 2545 654 2592 infestam
691 2545 820 2592 ferre
848 2552 1040 2608 posset,
1081 2544 1363 2592 redderetur
1389 2546 1495 2607 ipsa
1522 2542 1722 2591 Othonis

60 2615 307 2677 coniugio:
346 2616 511 2662 ituram
543 2628 735 2679 quoquo
763 2622 1021 2675 terrarum,
1057 2613 1135 2661 ubi
1163 2613 1346 2661 audiret
1375 2615 1533 2677 potius
1561 2619 1720 2661 contu·

57 2683 224 2733 melias
249 2684 552 2749 imperatoris
581 2698 719 2747 quam
746 2684 927 2730 viseret
955 2682 1183 2747 periculis
1212 2683 1314 2731 eius
1343 2683 1553 2731 inmixta.
1603 2682 1722 2730 haec

60 2760 199 2817 atque
235 2754 347 2803 talia
382 2753 589 2803 lacrimis
619 2760 665 2801 et
701 2760 802 2801 arte
839 2751 1084 2801 adulterae
1110 2752 1410 2816 penetrantia
1439 2767 1578 2800 nemo
1610 2766 1779 2816 pro-15

60 2821 271 2885 bibebat,
302 2823 602 2888 cupientibus
630 2823 810 2870 cunctis
841 2821 1033 2884 infringi
1067 2823 1328 2885 potentiam
1352 2822 1515 2870 matris
1543 2828 1590 2870 31
1619 2836 1719 2869 cre—

61 2889 202 2939 dente
230 2893 358 2942 nullo
387 2909 535 2958 usque
565 2892 620 2941 ad
653 2891 848 2940 caedem
880 2891 980 2939 eius
1009 2890 1228 2939 duratura
1258 2891 1338 2939 filii
1368 2890 1491 2939 odia.
