1976 3224
583 193 759 230 Lmen
787 193 910 230 xm.
943 192 1066 230 CAP.
1093 191 1292 232 41—44.
1668 181 1770 230 245

108 338 244 371 uuam
282 323 687 386 impetraverant,
734 322 928 369 brevius
963 321 1116 369 visum
1151 321 1328 369 urbana
1373 322 1566 368 crimina
1606 321 1768 385 incipi,
1793 343 1812 373 5

108 407 304 458 quorum
328 392 455 440 obvii
488 399 637 439 testes
666 398 816 439 erant.
862 392 894 439 ii
921 390 1185 439 acerbitate
1214 392 1534 439 accusationis
1558 390 1616 451 Q.
1639 390 1772 438 Pom-

109 464 299 526 ponium
331 462 386 510 ad
417 463 758 510 necessitatem
799 460 914 508 belli
950 460 1104 508 civilis
1131 460 1399 523 detrusum,
1439 460 1606 508 Iuliam
1631 459 1773 508 Drusi

108 532 248 580 liliam
273 532 589 595 Sabinamque
625 530 902 595 Poppaeam
939 529 996 578 ad
1037 537 1239 582 mortem
1284 538 1416 577 actas
1452 538 1497 578 et
1526 529 1774 579 Valerium

107 602 396 663 Asiaticum,
436 601 622 650 Lusium
668 601 996 662 Saturninum,
1046 598 1319 648 Cornelium
1354 599 1533 664 Lupum
1575 601 1772 647 circum-

108 678 308 733 ventQS,
356 672 447 719 iam
483 671 691 734 equitum
726 670 1049 719 Romanorum
1084 672 1271 732 agmina
1308 669 1525 717 damnata
1565 682 1832 718 omnem-10

107 756 199 805 que
227 739 411 789 Claudii
449 740 693 788 saevitiam
728 739 896 788 Suillio
935 739 1259 787 obiectabant.
1322 740 1405 787 ille
1448 739 1563 787 nihil
1603 754 1665 787 ex
1701 738 1775 786 his

109 817 282 874 sponte
309 816 612 873 susceptum,
652 808 739 857 sed
775 811 979 872 principi
1016 810 1232 873 paruisse
1264 809 1576 870 defendebat,
1618 808 1775 857 donec

107 894 210 928 eam
236 880 499 928 orationem
528 877 710 928 Caesar
749 878 984 941 cohibuit,
1026 886 1322 943 compertum
1350 879 1440 926 sibi
1465 878 1686 927 referens
1713 892 1777 926 ex

108 950 460 998 commentariis
497 949 645 1013 patris
685 950 756 996 sui
791 948 965 996 nullam
1004 950 1279 1012 cuiusquam
1319 949 1675 997 accusationem
1715 947 1774 996 ab

107 1033 166 1067 eo
190 1025 422 1068 coactam.
477 1025 574 1066 tum
599 1020 727 1066 iussa
748 1017 1039 1066 Messalinae
1068 1018 1318 1082 praetendi
1346 1025 1394 1066 et
1417 1017 1583 1066 labare
1611 1017 1774 1066 defen·
1793 1037 1833 1070 15

107 1090 206 1138 sio:
249 1103 333 1137 cur
372 1088 495 1136 enim
531 1089 763 1135 neminem
804 1087 942 1135 alium
981 1087 1220 1135 delectum
1258 1090 1336 1151 qui
1365 1089 1597 1136 saevienti
1627 1089 1774 1152 impu-

105 1157 244 1206 dicae
265 1172 436 1206 vocem
464 1156 756 1221 praeberet?
792 1157 1062 1220 puniendos
1088 1172 1244 1205 rerum
1270 1159 1498 1206 atrocium
1519 1158 1776 1220 ministrOS,

106 1227 185 1276 ubi
213 1229 367 1292 pretia
397 1227 635 1276 scelerum
665 1226 824 1290 adepti
852 1226 1041 1274 scelera
1066 1228 1170 1291 ipsa
1201 1227 1306 1275 aliis
1333 1226 1577 1290 delegent.
1632 1228 1778 1290 igitur

107 1297 326 1360 adempta
359 1296 593 1345 bonorum
630 1304 767 1360 parte
798 1297 930 1360 (nam
958 1295 1056 1344 lilio
1094 1303 1142 1344 et
1167 1297 1299 1361 nepti
1330 1312 1442 1362 pars
1474 1296 1776 1346 concedeba-

107 1375 181 1415 tur
219 1365 642 1430 eximebanturque
684 1366 824 1414 etiam
865 1381 987 1430 quae
1025 1373 1313 1414 testamento
1340 1367 1503 1415 matris
1531 1374 1608 1414 aut
1635 1368 1772 1414 aviae
1792 1385 1833 1418 20

108 1435 427 1499 acceperant)
465 1436 511 1483 in
546 1434 726 1484 insulas
751 1435 984 1483 Baleares
1013 1435 1233 1499 pellitur,
1272 1451 1368 1485 non
1398 1438 1443 1484 in
1471 1437 1579 1501 ipso
1607 1435 1774 1484 discri-

106 1507 256 1568 mine,
302 1519 398 1552 non
436 1512 546 1568 post
581 1504 930 1553 damnationem
966 1505 1146 1555 fractus
1194 1507 1375 1560 animo;
1431 1506 1775 1569 ferebaturque

109 1575 306 1639 copiosa
335 1581 382 1622 et
415 1574 548 1623 molli
575 1575 672 1623 vita
709 1582 948 1623 secretum
985 1574 1101 1623 illud
1138 1575 1445 1623 toleravisse.
1499 1576 1641 1623 filium
1673 1576 1776 1623 eius

105 1638 398 1692 Nerullinum
447 1643 698 1708 adgressis
746 1643 1111 1692 accusatoribus
1155 1660 1244 1708 per
1277 1645 1501 1693 invidiam
1539 1647 1688 1709 patris
1729 1651 1777 1692 et

107 1715 301 1762 crimina
339 1713 738 1777 repetundarum,
788 1714 1064 1762 intercessit
1101 1715 1328 1779 princeps
1376 1722 1611 1779 tamquam
1660 1715 1773 1762 satis
1793 1727 1832 1760 25

107 1782 302 1846 expleta
332 1782 528 1831 ultione.

210 1854 293 1901 44.
337 1851 429 1899 Per
466 1851 587 1899 idem
626 1860 813 1916 tempus
850 1853 1077 1902 Octavius
1115 1850 1299 1916 Sagitta
1338 1854 1501 1918 plebei
1542 1854 1774 1916 tribunus,

108 1920 304 1969 Pontiae
352 1920 564 1968 mulieris
609 1929 784 1985 nuptae
829 1936 992 1970 amore
1035 1938 1272 1985 vaecors,
1317 1923 1591 1987 ingentibus
1635 1923 1773 1972 donis

106 1989 381 2038 adulterium
411 1997 458 2038 et
482 2005 620 2051 mox,
659 1998 708 2038 ut
744 1991 985 2039 omitteret
1009 1993 1248 2054 maritum,
1297 2001 1592 2055 emercatur,
1640 2009 1774 2041 suum

104 2060 447 2108 matrimonium
474 2061 755 2123 promittens
788 2075 844 2108 ac
871 2062 1058 2125 nuptias
1086 2062 1187 2109 eius
1214 2069 1398 2125 pactus,
1459 2062 1544 2111 sed
1572 2062 1650 2110 ubi
1675 2077 1771 2111 mu-

104 2129 195 2177 lier
220 2143 369 2178 vacua
397 2129 505 2192 fuit,
543 2137 740 2178 nectere
777 2144 964 2192 moraS,
1003 2129 1253 2180 adversam
1295 2135 1444 2195 patris
1478 2132 1773 2181 voluntatem

107 2201 292 2246 causari
341 2206 632 2263 repertaque
671 2214 760 2264 spe
804 2198 988 2247 ditioris
1027 2202 1243 2263 coniugis
1281 2203 1518 2264 promissa
1572 2217 1770 2251 exuere.

106 2267 334 2316 Octavius
362 2275 526 2316 contra
555 2268 698 2317 modo
740 2271 973 2332 conqueri
1008 2269 1152 2318 modo
1183 2271 1412 2331 minitari,
1450 2272 1622 2320 famam
1663 2287 1771 2338 per-

105 2337 272 2400 ditam,
328 2338 578 2401 pecuniam
632 2338 910 2387 exhaustam
966 2339 1241 2402 obtestan5‚
1297 2340 1502 2405 denique
1549 2342 1769 2403 salutem,

105 2421 226 2471 quae
263 2406 368 2455 sola
405 2406 589 2471 reliqua
627 2415 784 2470 esset,
823 2407 1018 2457 arbitrio
1056 2411 1159 2457 eius
1197 2412 1493 2475 permittens.
1547 2426 1604 2459 ac
1638 2418 1769 2476 post·

104 2490 242 2540 quam
279 2475 621 2541 spernebatur,
672 2485 866 2526 noctem
906 2493 1044 2526 unam
1084 2479 1142 2527 ad
1188 2479 1420 2528 solacium
1452 2482 1632 2543 poscit,
1678 2494 1769 2544 qua
1789 2494 1828 2527 10

105 2545 340 2594 delenitus
375 2545 564 2594 modum
609 2547 653 2594 in
695 2554 940 2610 posterum
978 2547 1241 2597 adhiberet.
1306 2550 1524 2597 statuitur
1566 2564 1688 2612 nox,
1723 2556 1771 2598 et

103 2614 268 2663 Pontia
299 2616 524 2664 consciae
552 2616 755 2663 ancillae
786 2616 1048 2664 custodiam
1077 2617 1283 2666 cubiculi
1309 2617 1512 2668 mandat.
1565 2618 1647 2667 ille
1674 2634 1767 2667 uno

106 2699 207 2732 cum
233 2684 407 2733 liberto
435 2684 612 2732 ferrum
641 2692 775 2733 veste
804 2685 1043 2733 occultum
1070 2687 1227 2735 infert.
1285 2694 1402 2744 tum,
1432 2694 1482 2734 ut
1507 2687 1695 2736 adsolet
1721 2689 1767 2736 in

105 2767 266 2802 amore
296 2761 344 2803 et
378 2755 475 2815 ira,
512 2755 663 2816 iurgia
700 2768 902 2818 preceS,
938 2755 1250 2819 exprobratio
1287 2756 1551 2805 satisfactio
1580 2764 1625 2805 et
1652 2772 1765 2821 pars

103 2822 403 2871 tenebrarum
440 2822 618 2871 libidini
661 2824 901 2887 seposita;
931 2839 991 2871 ex
1017 2839 1107 2887 qua
1142 2827 1367 2874 incensus
1403 2824 1516 2874 nihil
1554 2834 1824 2877 metum-15

104 2897 194 2953 tem
245 2892 374 2941 ferro
418 2890 777 2940 transverberat
827 2899 874 2940 et
919 2901 1247 2942 accurrentem
1300 2894 1517 2942 ancillam
1565 2896 1765 2945 vulnere
