1976 3224
168 184 240 235 56
606 196 881 235 CORNELII
903 195 1097 234 TACITI
1117 197 1423 235 ANNALIUM

167 324 296 374 nium
323 324 635 389 proiciantur.
660 324 784 373 unde
811 324 1030 389 prospici
1051 338 1199 388 posse
1228 340 1349 388 quae
1380 326 1550 388 cuique
1578 333 1670 373 tam
1695 324 1848 388 longo

168 396 402 459 temporis
430 394 589 457 spatio
627 409 790 456 menS,
829 394 1023 456 domuS,
1063 392 1289 442 fortuna?
1337 395 1590 458 superbire
1630 393 1850 443 homines

170 466 312 514 etiam
339 478 492 512 annua
520 463 878 527 designatione:
906 463 1019 529 quid
1046 463 1085 511 si
1110 463 1346 512 honorem
1371 479 1459 528 per
1482 465 1850 529 quinquennium

174 531 388 598 agitent?
419 534 787 599 quinquiplicari
823 542 1036 598 prorsus·
1058 535 1398 596 magistratUS,
1437 534 1652 582 subverti
1690 533 1852 597 legeS,

115 625 157 659 15
176 619 297 668 quae
329 619 415 652 suu
442 605 597 668 spatia
623 604 928 653 exercendae
950 603 1306 652 candidatorum
1327 603 1588 653 industriae
1621 617 1852 668 quaeren-

174 675 346 738 disque
372 680 450 722 aut
476 673 720 738 potiundis
747 673 1013 722 honoribus
1039 674 1304 722 statuerint.
1365 673 1620 723 favorabili
1656 674 1704 721 in
1741 687 1854 737 spe·

175 745 298 793 ciem
329 744 548 791 oratione
573 744 670 791 vim
696 744 887 807 imperii
911 744 1077 793 tenuit.

286 813 369 862 37.
414 811 700 877 Censusque
737 812 1031 878 quorundam
1067 819 1339 862 senatorum
1374 813 1505 861 iuvit.
1569 826 1663 877 quo
1698 812 1853 874 magis

173 885 342 932 mirum
370 883 472 945 fuit,
501 883 627 947 quod
650 898 828 947 preces
847 882 996 932 Marci
1012 883 1217 946 Hortali,
1245 882 1423 931 nobilis
1444 884 1646 946 iuveniS,
1666 882 1713 930 in
1740 897 1851 946 pau-

174 960 362 1018 pertate
391 953 643 1001 manifesta
670 952 925 1018 superbius
963 953 1254 1016 accepisset.
1309 966 1463 1017 nepos
1502 959 1607 1001 erat
1646 952 1854 1001 oratoris

173 1023 438 1084 Hortensii,
466 1022 673 1070 inlectus
701 1038 728 1071 a
753 1022 863 1071 divo
887 1021 1111 1086 Augusto
1138 1021 1430 1071 liberalitate
1452 1022 1651 1070 deciens
1677 1028 1851 1070 sester-

131 1111 152 1145 5
174 1095 226 1143 tii
263 1092 443 1140 ducere
482 1106 712 1155 uxorem,
751 1094 1002 1156 suscipere
1038 1091 1251 1155 liberOS,
1288 1107 1347 1140 ne
1387 1091 1652 1145 clarissima
1676 1090 1854 1140 familia

177 1163 560 1225 extingueretur.
619 1162 765 1224 igitur
792 1169 1018 1226 quattuor
1048 1162 1157 1210 filiis
1182 1169 1291 1210 ante
1315 1162 1460 1210 limen
1485 1163 1645 1210 curiae
1664 1159 1853 1210 adstan-

174 1233 318 1293 tibus,
349 1232 462 1280 loco
491 1233 777 1296 sententiae,
802 1247 906 1280 cum
929 1233 975 1280 in
997 1231 1181 1281 Palatio
1206 1239 1398 1281 senatus
1416 1231 1692 1293 haberetur,
1711 1229 1855 1278 modo

173 1302 423 1351 Hortensii
458 1302 581 1349 inter
611 1309 833 1350 oratores
860 1303 996 1350 sitam
1034 1303 1291 1365 imaginem
1326 1301 1471 1350 modo
1501 1301 1707 1364 Augusti
1737 1300 1853 1348 intu-

178 1387 288 1435 enS,
318 1371 377 1420 ad
401 1371 528 1419 hunc
555 1370 746 1419 modum
774 1372 963 1435 coepit:
994 1374 1009 1398 ²
1025 1379 1187 1436 patres
1212 1371 1494 1436 conscripti,
1515 1371 1632 1433 hos,
1656 1384 1856 1434 quorum

119 1459 161 1493 10
177 1456 423 1491 numerum
452 1448 499 1489 et
530 1441 783 1506 pueritiam
807 1441 1004 1504 videtis,
1041 1455 1138 1489 non
1178 1449 1353 1505 sponte
1382 1441 1581 1503 sustuli,
1627 1439 1713 1488 sed
1750 1441 1857 1503 quia

178 1513 411 1577 princeps
437 1510 689 1567 monebat;
720 1505 855 1560 simul
884 1513 1092 1560 maiores
1126 1513 1220 1559 mei
1249 1518 1522 1559 meruerant
1547 1517 1598 1558 ut
1629 1516 1858 1574 posteros

176 1583 428 1632 haberent.
482 1596 590 1630 nam
617 1596 734 1645 eg0,
766 1582 844 1646 qui
872 1596 969 1630 non
990 1581 1259 1645 pecuniam,
1286 1595 1382 1629 non
1407 1580 1560 1629 studia
1579 1578 1750 1644 populi
1776 1593 1858 1627 ne-

179 1667 272 1716 que
301 1651 642 1715 eloquentiam,
666 1651 850 1713 gentile
871 1651 1037 1699 domus
1059 1658 1253 1699 nostrae
1274 1649 1466 1714 bonum,
1490 1651 1722 1698 varietate
1742 1655 1858 1697 tem-

177 1735 349 1786 porum
375 1722 605 1783 accipere
633 1721 711 1768 vel
740 1736 914 1785 parare
948 1721 1236 1785 potuissem,
1276 1720 1390 1768 satis
1417 1718 1682 1782 habebam,
1725 1719 1763 1766 si
1789 1725 1858 1766 te-

120 1812 162 1846 15
179 1805 300 1839 nues
340 1805 421 1838 res
457 1805 595 1838 meae
629 1805 723 1838 nec
763 1789 876 1838 mihi
913 1790 1086 1854 pudori
1121 1805 1213 1838 nec
1251 1791 1469 1853 cuiquam
1509 1789 1644 1838 oneri
1681 1788 1858 1836 forent.

178 1861 338 1909 iussus
373 1859 432 1908 ab
476 1860 770 1923 imperatore
807 1873 1008 1908 uxorem
1044 1859 1172 1907 duxi.
1234 1874 1292 1906 en
1331 1860 1476 1924 stirps
1511 1866 1559 1907 et
1594 1858 1861 1923 progenies

177 1937 253 1979 tot
281 1929 548 1992 consulum,
574 1937 646 1977 tot
677 1930 975 1978 dictatorum.
1022 1943 1114 1977 nec
1143 1929 1201 1977 ad
1229 1927 1453 1978 invidiam
1480 1930 1595 1991 ista,
1628 1927 1715 1976 sed
1748 1941 1860 1976 con-

182 1999 418 2048 ciliandae
444 1998 807 2048 misericordiae
835 1999 1018 2048 refero.
1068 1998 1393 2062 adsequentur
1413 1999 1618 2048 florente
1645 2004 1711 2059 te,
1743 1995 1860 2045 Cae·

181 2085 276 2132 sar,
311 2083 433 2134 quos
466 2068 659 2118 dederis
679 2069 916 2118 honores:
956 2069 1145 2117 interim
1173 2069 1231 2129 Q.
1258 2067 1504 2117 Hortensii
1540 2074 1858 2133 pronepoteS‚

119 2161 164 2194 20
181 2138 277 2188 divi
303 2139 512 2202 Augusti
535 2139 752 2188 alumnos
780 2138 839 2187 ab
867 2139 1030 2203 inopia
1060 2137 1316 2186 defende.'

287 2207 370 2259 38.
391 2207 644 2257 Inclinatio
668 2215 861 2257 senatus
882 2208 1235 2257 incitamentum
1259 2206 1454 2256 Tiberio
1476 2206 1563 2254 fuit
1585 2220 1678 2270 quo
1702 2220 1861 2270 prom·

179 2280 273 2326 tius
310 2278 664 2341 adversaretur,
690 2278 763 2326 his
788 2278 940 2326 ferme
969 2277 1132 2326 verbis
1161 2292 1300 2325 usus:
1327 2277 1400 2324 ‘si
1429 2283 1652 2339 quantum
1681 2290 1859 2339 paupe-

179 2363 285 2396 rum
311 2354 386 2395 est
411 2347 577 2395 venire
605 2347 699 2395 huc
724 2355 772 2395 et
797 2346 965 2395 liberis
1002 2348 1100 2395 suis
1125 2354 1295 2410 petere
1324 2346 1553 2409 pecunias
1592 2345 1860 2409 coeperint,

183 2416 360 2480 singuli
385 2431 638 2479 numquam
670 2415 1044 2479 exsatiahuntur,
1066 2431 1146 2464 res
1167 2414 1361 2479 publica
1382 2414 1591 2462 deficiet.
1636 2429 1727 2462 nec
1745 2428 1861 2462 sane

144 2505 166 2538 5
189 2486 300 2535 ideo
328 2502 354 2535 a
379 2485 638 2535 maioribus
666 2500 952 2535 concessum
980 2493 1055 2534 est
1082 2485 1252 2548 egredi
1293 2484 1547 2549 aliquando
1575 2483 1859 2532 relationem

183 2565 233 2606 et
259 2557 387 2620 quod
413 2557 459 2604 in
495 2571 746 2605 commune
787 2555 1025 2604 conducat
1059 2555 1172 2603 loco
1215 2555 1481 2603 sententiae
1521 2553 1772 2618 proferre,
1812 2559 1861 2600 ut

184 2628 372 2690 privata
395 2627 594 2688 negotia
621 2632 669 2673 et
695 2640 777 2673 res
804 2625 1067 2673 familiares
1094 2622 1286 2673 nostras
1311 2624 1390 2672 hic
1425 2637 1714 2686 augeamuS,
1754 2637 1859 2670 cum

182 2696 360 2744 invidia
382 2703 577 2744 senatus
603 2702 652 2744 et
680 2695 964 2759 principum,
988 2695 1091 2743 sive
1117 2693 1402 2742 indulserint
1428 2693 1734 2755 largitionem
1756 2693 1858 2740 sive

184 2764 452 2812 abnuerint.
505 2779 600 2812 non
630 2767 753 2812 enirn
781 2778 959 2828 preces
986 2771 1094 2812 sunt
1127 2762 1278 2825 istud,
1314 2762 1400 2810 sed
1443 2762 1752 2823 efflagitatio,
1791 2762 1865 2808 in—

125 2849 169 2884 20
185 2836 471 2897 tempestiva
500 2834 691 2897 quidem
721 2841 769 2882 et
793 2834 1058 2898 inprovisa,
1095 2847 1199 2881 cum
1225 2832 1328 2880 aliis
1356 2831 1413 2879 de
1441 2831 1587 2879 rebus
1616 2844 1867 2878 convene-

183 2902 278 2951 rint
303 2910 483 2966 patreS,
516 2917 814 2966 consurgere
844 2910 890 2950 et
919 2917 1115 2950 numero
1143 2908 1286 2965 atque
1321 2908 1476 2949 aetate
1513 2899 1715 2949 liberum
1749 2913 1861 2948 suo-
