1976 3224
553 194 729 232 mmffi
755 195 872 233 XIV.
904 193 1026 232 CAP.
1055 192 1252 236 29-33.
1640 183 1744 234 267

67 322 444 373 Camulodunum
469 337 641 371 recens
667 322 857 372 deducti
884 322 1132 387 pellebant
1154 322 1395 387 domibus,
1427 322 1746 373 exturbabant

45 386 226 456 ‘agriS,
264 394 514 457 captivoS,
556 407 729 441 servos
757 392 1078 458 appellandO,
1119 392 1394 442 foventibus
1431 394 1743 457 inpotentiam
1760 408 1802 443 15

67 470 407 512 veteranorum
433 461 656 511 militibus
682 463 982 512 similitudine
1011 465 1137 512 vitae
1165 470 1213 512 et
1237 478 1325 528 spe
1353 462 1567 511 eiusdem
1595 463 1743 513 licen·

67 535 176 581 tiae.
230 532 289 581 ad
315 532 410 581 hoc
437 531 664 596 templum
689 532 799 581 divo
829 531 1029 582 Claudio
1055 534 1361 581 constitutum
1391 535 1525 597 quasi
1551 548 1639 582 arx
1663 547 1742 582 ae-

66 611 231 651 ternae
257 602 592 651 dominationis
621 602 976 667 aspiciebatur,
1016 603 1292 667 delectique
1321 602 1605 652 sacerdotes
1631 618 1742 668 spe-

67 674 142 721 cie
168 672 420 735 religionis
459 673 611 721 omnis
645 673 863 722 fortunas
894 673 1218 722 effundebant.
1270 688 1362 722 nec
1387 672 1583 721 arduum
1608 673 1740 722 vide-

65 742 203 790 batur
238 741 501 791 excindere
538 742 772 791 coloniam
808 743 950 791 nullis
989 742 1288 791 munimentis
1327 750 1568 807 saeptam;
1613 742 1742 807 quod
1758 777 1801 811 20

66 810 266 860 ducibus
302 813 480 861 nostris
518 826 685 875 parum
717 814 964 877 provisum
992 820 1123 875 erat,
1171 812 1278 861 dum
1310 813 1581 861 amoenitati
1611 814 1742 877 prius

63 896 204 946 quam
230 884 333 930 usui
362 881 639 931 consulitur.

169 951 252 1002 32.
299 950 430 1000 Inter
478 966 601 1015 quae
645 952 774 1001 nulla
819 952 975 1016 palam
1021 967 1164 1001 causa
1221 951 1470 1016 delapsum
1519 951 1739 1001 Camulo-

65 1021 174 1070 duni
203 1021 502 1071 simulacrum
521 1022 771 1071 Victoriae
795 1037 853 1071 ac
878 1029 1008 1071 retro
1037 1036 1350 1084 conversum,
1380 1022 1515 1086 quasi
1543 1022 1742 1071 cederet

65 1091 298 1139 hostibuS.
359 1098 407 1139 et
441 1091 647 1140 feminae
676 1093 722 1140 in
749 1092 961 1140 furorem
988 1092 1204 1141 turbatae
1233 1091 1408 1140 adesse
1440 1092 1634 1141 exitium
1663 1107 1739 1142 ca-

64 1160 269 1222 nebant,
306 1167 633 1224 externosque
666 1160 879 1210 fremitus
915 1162 960 1209 in
998 1163 1129 1210 curia
1168 1176 1333 1210 eorum
1371 1161 1583 1219 auditos;
1626 1177 1738 1210 con-

66 1232 286 1278 sonuisse
323 1229 578 1279 ululatibus
608 1229 843 1279 theatrum
881 1232 1127 1295 visamque
1164 1232 1383 1296 speciem
1422 1232 1469 1279 in
1497 1232 1776 1280 aestuari05

63 1300 299 1348 Tamesae
339 1299 605 1349 subversae
642 1300 895 1350 coloniae:
932 1301 1024 1350 iam
1052 1300 1274 1350 Oceanus
1305 1308 1504 1350 cruento
1537 1308 1740 1365 aspectu

66 1378 113 1418 et
159 1369 400 1418 dilabente
445 1377 579 1418 aestu
623 1369 932 1419 humanorum
977 1385 1233 1435 corporum
1277 1371 1470 1433 effigies
1518 1371 1739 1434 relictae,

65 1447 113 1488 ut
145 1439 382 1488 Britannis
419 1439 494 1498 ad,
516 1454 676 1504 spem,
719 1442 780 1488 ita
825 1441 1069 1490 veteranis
1105 1440 1165 1490 ad
1200 1448 1373 1489 metum
1413 1440 1738 1489 trahebantur.

63 1508 150 1557 sed
187 1511 296 1572 quia
334 1509 503 1573 procul
533 1510 789 1558 Suetonius
828 1509 1020 1573 aberat,
1060 1511 1280 1574 petivere
1319 1526 1344 1558 a
1374 1508 1494 1559 Cato
1520 1509 1738 1560 Deciano

65 1586 380 1642 procuratore
411 1579 647 1627 auxilium.
713 1580 796 1628 ille
825 1580 946 1629 haud
978 1580 1178 1645 amplius
1207 1595 1345 1645 quam
1371 1579 1606 1628 ducentos
1633 1580 1737 1629 sine
1759 1595 1797 1627 ιο

63 1649 197 1696 iustis
233 1649 374 1697 armis
410 1649 557 1705 misit;
597 1656 653 1697 et
684 1651 836 1698 inerat
874 1649 1063 1699 modica
1098 1649 1294 1698 militum
1333 1665 1514 1699 manuS.
1589 1649 1740 1698 tutela

65 1717 228 1781 templi
262 1718 397 1779 freti,
435 1725 483 1767 et
520 1718 888 1783 impedientibus
914 1720 993 1784 qui
1030 1720 1207 1768 occulti
1235 1718 1522 1768 rebellionis
1550 1719 1737 1768 conscii

68 1787 266 1835 consilia
301 1786 580 1850 turbabant,
626 1803 783 1853 neque
823 1789 1005 1838 fossam
1043 1797 1121 1838 aut
1146 1789 1321 1838 vallum
1359 1789 1734 1855 praeduxerant,

61 1871 220 1920 neque
256 1858 397 1905 motis
425 1856 619 1905 senibus
656 1866 703 1906 et
736 1859 923 1907 feminis
961 1860 1178 1907 iuventus
1220 1859 1325 1907 sola
1361 1861 1559 1908 restitit:
1601 1859 1736 1923 quasi

62 1925 216 1974 media
243 1940 365 1990 pace
405 1927 578 1974 incauti
618 1927 912 1976 multitudine
940 1927 1251 1977 barbarorum
1277 1929 1732 1978 circumveniuntur.
1756 1945 1796 1978 15

64 2002 111 2043 et
139 2001 301 2043 cetera
340 1995 527 2058 quidem
563 1996 741 2060 impetu
780 1997 966 2062 direpta
991 2004 1069 2047 aut
1094 1999 1289 2046 incensa
1318 2005 1452 2046 sunt:
1488 1997 1732 2062 templum,

59 2065 106 2112 in
135 2079 228 2128 quo
255 2081 308 2113 se
338 2065 476 2113 miles
505 2065 912 2129 conglobaverat,
939 2066 1084 2116 biduo
1108 2067 1360 2115 obsessum
1391 2074 1733 2132 expugnatum-

63 2149 173 2198 que.
226 2142 273 2183 et
299 2136 454 2183 victor
479 2134 729 2183 Britannus
748 2135 919 2185 Petilio
943 2135 1121 2186 Ceriali
1148 2137 1313 2199 legato
1340 2137 1551 2200 legionis
1578 2150 1734 2185 nonae

57 2203 106 2250 in
130 2203 384 2252 subsidium
422 2204 693 2253 adventanti
724 2204 895 2254 obvius
930 2205 1049 2254 fudit
1086 2206 1359 2269 legionem,
1397 2214 1446 2255 et
1484 2206 1613 2271 quod
1652 2220 1734 2270 pe-

60 2272 203 2322 ditum
240 2274 504 2322 interfecit:
551 2272 755 2322 Cerialis
794 2290 898 2323 cum
937 2275 1178 2340 equitibus
1215 2277 1370 2325 evasit
1412 2277 1457 2324 in
1498 2282 1656 2324 castra
1688 2281 1794 2323 etro

62 2345 360 2391 munimentis
403 2343 632 2392 defensus
679 2351 768 2392 est.
845 2359 936 2408 qua
984 2345 1120 2394 clade
1165 2352 1213 2394 et
1261 2345 1384 2394 odiis
1433 2346 1732 2410 provinciae,

54 2426 197 2476 quam
224 2414 418 2461 avaritia
444 2414 490 2460 in
517 2412 693 2462 bellum
726 2422 923 2477 egerat,
954 2414 1170 2479 trepidus
1200 2422 1488 2479 procurator
1515 2413 1660 2463 Catus
1690 2415 1736 2461 in

60 2480 260 2530 Galliam
287 2482 486 2530 transiit.

165 2552 247 2602 33.
286 2550 349 2598 At
395 2551 650 2601 Suetonius
694 2555 810 2602 mira
858 2556 1123 2602 constantia
1164 2553 1350 2602 medios
1394 2554 1520 2601 inter
1566 2553 1734 2600 hostes

55 2619 334 2668 Londinium
357 2622 587 2684 perrexit,
615 2630 935 2684 cognomento
959 2622 1147 2687 quidem
1170 2622 1393 2670 coloniae
1413 2637 1507 2670 non
1529 2623 1734 2684 insigne,

62 2688 148 2737 sed
193 2692 334 2753 copia
390 2692 742 2752 negotiatorum
787 2699 834 2740 et
878 2700 1221 2740 commeatuum
1266 2692 1470 2740 maxime
1516 2690 1732 2739 celebre.

0 2798 1 2802 ,
56 2756 124 2805 ibi
160 2759 406 2822 ambiguus
447 2776 505 2808 an
540 2759 666 2809 illam
704 2761 866 2809 sedem
907 2760 1038 2810 bello
1075 2761 1341 2823 deligeret,
1381 2762 1733 2825 circumspecta

0 2865 1 2869 ,
54 2826 379 2892 infrequentia
411 2829 572 2878 militis
591 2868 604 2891 ,
637 2832 848 2894 satisque
875 2831 1059 2893 magnis
1089 2830 1389 2879 documentis
1415 2830 1728 2878 temeritatem
1753 2842 1774 2874 s

0 2912 1 2916 ¹
63 2893 219 2945 Petilii
247 2899 534 2962 coercitam,
576 2900 709 2947 unius
747 2900 912 2964 oppidi
951 2900 1120 2948 damno
1163 2914 1360 2947 servare
1388 2900 1608 2948 universa
1639 2906 1732 2948 sta-
