1976 3224
709 220 880 257 LIBER
917 220 978 258 11.
1015 219 1140 259 CAP.
1180 219 1398 262 56—61.
1819 211 1885 260 67

216 347 362 408 dere,
403 346 604 410 pedibus
643 348 834 396 intectis
871 353 918 394 et
952 347 1054 410 pari
1081 362 1186 394 cum
1216 347 1414 396 Graecis
1455 350 1654 411 amictu,
1692 348 1744 396 P.
1777 349 1880 397 Sci·
1906 367 1926 400 5

216 416 373 480 pionis
409 415 750 479 aemulatione,
790 431 930 480 quem
964 415 1131 464 eadem
1165 416 1462 465 factitavisse
1499 417 1624 481 apud
1651 417 1884 482 Siciliam,

213 485 426 549 quamvis
454 485 686 547 flagrante
716 485 870 534 adhuc
896 485 1167 533 Poenorum
1196 485 1357 548 bello,
1400 487 1690 550 accepimus.
1744 486 1884 535 Tibe-

211 556 310 602 rius
342 553 469 601 cultu
508 553 764 618 habituque
791 555 893 602 eius
924 554 1110 602 lenibus
1134 555 1296 603 verbis
1326 557 1612 619 perstricto,
1651 557 1884 605 acerrime

212 623 450 687 increpuit
488 623 614 687 quod
650 632 816 673 contra
852 624 1060 672 instituta
1086 624 1293 686 Augusti
1320 639 1416 672 non
1445 633 1618 689 sponte
1647 626 1881 690 principis

210 691 550 741 Alexandriam
582 693 844 741 introisset.
910 708 1014 740 nam
1053 692 1299 755 Augustus
1337 694 1460 742 inter
1483 694 1576 742 alia
1604 694 1882 744 dominatio·
1902 715 1941 747 10

212 764 283 810 nis
338 776 535 823 arcana,
594 763 752 810 vetitis
792 762 881 809 nisi
931 763 1167 825 permissu
1215 763 1403 825 ingredi
1454 763 1758 812 senatoribus
1805 771 1884 814 aut

211 830 449 896 equitibus
474 832 701 880 Romanis
737 831 1038 893 inlustribuS,
1082 833 1300 895 seposuit
1330 831 1634 895 Aegyptum,
1671 848 1732 881 ne
1756 833 1882 882 fame

211 908 438 963 urgueret
459 900 667 961 Italiam,
693 900 909 964 quisquis
937 915 1041 948 eam
1069 901 1366 964 provinciam
1392 902 1693 966 claustraque
1720 909 1881 952 terrae

211 986 266 1019 ac
298 971 439 1018 maris
477 971 690 1034 quamvis
727 970 821 1017 levi
859 968 1101 1032 praesidio
1141 968 1394 1018 adversum
1432 971 1654 1032 ingentes
1695 972 1879 1020 exerci-

211 1047 285 1088 tus
312 1040 587 1089 insedisset.
935 1065 938 1067 ·
1339 1091 1353 1095 x
1900 1054 1936 1086 15

313 1109 396 1158 60.
453 1108 550 1156 Sed
610 1107 919 1156 Germanicus
977 1108 1183 1156 nondum
1228 1116 1478 1172 comperto
1528 1108 1881 1172 profectionem

210 1193 316 1227 eam
349 1177 557 1225 incusari
595 1176 706 1225 Nilo
755 1176 1140 1240 subvehebatur,
1188 1193 1328 1225 orsus
1372 1177 1554 1242 oppido
1594 1193 1621 1226 a
1661 1177 1880 1242 CanopO.

211 1245 470 1296 condidere
500 1245 545 1294 id
577 1247 799 1310 Spartani
837 1245 898 1294 ob
940 1247 1177 1310 sepultum
1213 1247 1311 1294 illic
1349 1254 1590 1294 rectorem
1630 1249 1763 1296 navis
1792 1247 1879 1297 Ca-

208 1329 410 1380 nopum,
448 1329 539 1378 qua
578 1322 866 1378 tempestate
902 1315 1149 1364 Menelaus
1177 1315 1424 1365 Graeciam
1459 1323 1689 1379 repetens
1724 1316 1878 1365 diver-

211 1400 312 1435 sum
339 1383 397 1432 ad
421 1399 551 1432 marc
574 1392 846 1447 terramque
871 1383 1065 1445 Libyam
1094 1385 1310 1432 deiectus
1337 1389 1427 1433 est.
1477 1385 1587 1432 inde
1615 1387 1917 1448 proximum5

208 1455 355 1503 amnis
390 1467 445 1501 os
471 1452 672 1502 dicatum
698 1453 926 1516 Herculi,
967 1468 1107 1517 quem
1135 1453 1389 1516 indigenae
1420 1461 1573 1502 ortum
1601 1454 1726 1518 apud
1752 1470 1805 1503 se
1834 1463 1882 1503 et

209 1523 581 1586 antiquissimum
619 1522 873 1586 perhibent
911 1537 1093 1586 eosque
1135 1524 1214 1586 qui
1242 1530 1413 1586 postea
1439 1524 1541 1587 pari
1569 1523 1743 1572 v'irtute
1777 1524 1879 1572 fue-

195 1594 299 1641 .rint
329 1595 376 1640 in
414 1599 783 1654 cognomentum
819 1593 921 1650 eius
960 1591 1195 1648 adscitos3
1238 1606 1351 1639 mox
1375 1593 1485 1640 visit
1514 1599 1729 1640 veterum
1757 1592 1878 1642 The-

205 1662 371 1711 barum
405 1676 576 1724 magna
603 1662 823 1724 vestigia.
892 1668 939 1709 et
963 1661 1217 1710 manebant
1244 1661 1435 1709 structis
1473 1660 1679 1709 molibus
1706 1661 1880 1710 literae

206 1731 507 1795 Aegyptiae,
544 1732 757 1794 priorem
792 1731 1083 1795 opulentiam
1112 1730 1423 1794 complexae:
1463 1731 1721 1794 iussusque
1749 1746 1776 1779 e
1803 1746 1936 1787 se-10

205 1800 420 1849 nioribus
459 1800 761 1848 sacerdotum
801 1801 1002 1864 patrium
1037 1814 1306 1848 sermonem
1330 1800 1660 1863 interpretari,
1694 1800 1878 1848 refere-

208 1870 287 1917 bat
322 1868 563 1917 habitasse
603 1869 837 1932 quondam
874 1871 1179 1933 septingenta
1220 1869 1349 1917 milia
1378 1876 1536 1917 aetate
1563 1869 1776 1933 militari,
1812 1876 1877 1918 at-

209 1952 301 2001 que
339 1952 397 1985 eo
436 1952 540 1984 cum
578 1939 794 1985 exercitu
831 1953 1000 2000 regem
1028 1937 1270 1987 Rhamsen
1297 1937 1445 1998 Libya
1482 1938 1743 2002 Aethiopia
1776 1939 1876 1987 Me-

209 2007 378 2070 disque
406 2013 453 2054 et
477 2006 638 2054 Persis
664 2014 712 2054 et
735 2006 987 2055 Bactriano
1015 2022 1073 2055 ac
1099 2006 1278 2067 Scytha
1303 2009 1503 2070 potitum
1534 2022 1749 2071 quasque
1783 2015 1876 2055 ter-

207 2091 286 2124 ras
327 2076 432 2123 Suri
469 2075 780 2139 Armeniique
823 2084 871 2123 et
910 2077 1120 2138 contigui
1167 2075 1489 2139 Cappadoces
1537 2076 1722 2138 colunt,
1767 2075 1877 2124 inde
1896 2099 1935 2132 15

207 2145 482 2206 Bithynum,
519 2144 630 2192 hinc
659 2144 851 2205 Lycium
878 2144 937 2194 ad
960 2160 1091 2194 mare
1118 2146 1320 2208 imperio
1356 2146 1583 2193 tenuisse.
1648 2144 1876 2207 legeban-

207 2223 280 2262 tur
308 2221 355 2262 et
380 2214 554 2263 indicta
580 2214 802 2276 gentibus
828 2213 1028 2277 tributa,
1059 2214 1244 2278 pondus
1270 2215 1459 2276 argenti
1488 2221 1535 2261 et
1559 2215 1688 2277 auri,
1716 2230 1876 2272 nume-

205 2294 286 2332 rus
322 2298 557 2332 armorum
594 2298 922 2347 equorumque
962 2291 1009 2331 et
1048 2283 1171 2332 dona
1208 2283 1399 2346 templis
1435 2283 1554 2331 ebur
1591 2291 1732 2347 atque
1761 2284 1875 2331 odo-

207 2367 310 2413 res,
350 2368 562 2416 quasque
592 2354 760 2416 copias
787 2353 1006 2401 frumenti
1038 2360 1085 2401 et
1118 2354 1322 2401 omnium
1347 2353 1616 2400 utensilium
1657 2367 1876 2416 quaeque

206 2423 334 2471 natio
373 2422 635 2486 penderet,
675 2422 797 2471 haud
822 2424 973 2470 minus
997 2423 1251 2484 magnilica
1277 2437 1419 2485 quam
1451 2436 1575 2469 nunc
1601 2421 1649 2467 vi
1675 2419 1871 2469 Partho·
1891 2438 1933 2470 20

210 2506 310 2538 rum
337 2499 414 2539 aut
441 2492 652 2554 potentia
678 2492 892 2540 Romana
916 2491 1151 2540 iubentur.

315 2560 397 2609 61.
442 2559 664 2608 Ceterum
704 2560 1013 2610 Germanicus
1054 2561 1159 2608 aliis
1190 2575 1382 2623 quoque
1410 2558 1652 2607 miraculis
1677 2559 1876 2606 intendit

208 2631 436 2690 animum,
478 2643 674 2708 quorum
715 2631 977 2693 praecipua
1013 2629 1150 2677 fuere
1175 2628 1442 2676 Memnonis
1480 2642 1626 2675 saxea
1662 2627 1873 2689 efligies,

208 2699 285 2747 ubi
325 2699 471 2747 radiis
508 2698 625 2745 solis
652 2698 746 2746 icta
773 2706 871 2761 est,
907 2697 1126 2746 vocalem
1157 2711 1324 2744 sonum
1350 2696 1586 2757 reddens,
1626 2696 1872 2744 disiectas·

209 2783 301 2832 que
336 2768 457 2816 inter
497 2774 543 2814 et
578 2767 658 2815 vix
693 2769 886 2831 pervias
922 2781 1092 2816 arenas
1128 2767 1275 2814 instar
1310 2766 1535 2819 montium
1563 2764 1761 2813 eductae
1790 2779 1872 2828 py-

207 2837 410 2885 ramides
443 2837 701 2885 certamine
730 2843 778 2884 et
805 2835 977 2900 opibus
1007 2850 1196 2897 regum,
1240 2835 1469 2897 lacusque
1507 2833 1685 2883 effossa
1712 2834 1873 2895 humo,
1893 2852 1911 2883 5

212 2907 546 2970 superfluentis
585 2905 681 2954 Nili
724 2904 1057 2969 receptacula;
1094 2911 1236 2967 atque
1273 2903 1386 2952 alibi
1421 2904 1668 3019 angtlstigie
1692 2911 1737 2951 et
1766 2916 1873 2966 pro-

1652 2972 1679 3001 *
