1950 3210
531 184 982 224 COMMENTARIUS
1020 185 1300 224 CRITICUS.
1609 188 1771 225 XLVII

215 310 311 372 62,
349 320 377 362 3
402 315 532 362 elusa
558 321 657 361 erat
680 317 883 361 Lectius:
917 317 1121 362 eluserat
1152 311 1159 381 Ι
1194 324 1245 364 11
1273 319 1469 363 instaret
1501 310 1509 381 Ι
1543 322 1596 367 16
1621 318 1772 363 iussus

73 385 115 433 A
146 378 154 449 Ι
189 390 244 433 18
269 384 476 431 sardinia

213 450 310 512 63,
346 461 374 503 3
404 459 668 513 compertae
696 453 851 512 dicto,
876 467 961 500 em.
988 456 1026 500 L
1058 450 1066 521 Ι
1098 462 1124 506 9
1149 457 1321 515 primus
1346 457 1385 503 L

214 520 310 581 64,
348 530 375 570 2
401 525 524 570 vitae
549 523 622 569 H.-
659 523 752 568 uita
798 516 806 587 Ι
853 530 907 572 12
946 525 1134 571 decreta
1170 540 1303 584 quem
1339 527 1396 572 ad
1427 527 1559 572 finem
1584 527 1652 572 D.-
1691 527 1773 572 de-

74 598 293 652 cretaque
322 594 378 639 ad
407 595 538 638 finem
565 594 774 649 (decreta
803 607 920 651 quae
949 594 1006 640 ad
1034 609 1134 640 eum
1161 596 1293 640 finem
1319 597 1699 654 memoravimus,
1725 600 1774 640 ut

76 660 349 721 quicumque
374 675 437 707 ex
451 676 609 720 prava
629 662 873 707 Puteolani
891 665 1007 708 coni.
1029 667 1160 709 etiam
1184 664 1233 709 N
1253 671 1295 709 et
1317 665 1413 720 He)
1447 660 1454 728 Ι
1488 671 1543 714 13
1563 671 1772 724 nossent,

75 744 161 777 em.
182 731 255 776 Pu

192 797 307 857 65,
341 807 366 848 5
398 800 600 846 socium:
633 801 824 847 amicum
849 799 931 875 JK}
963 808 988 852 ’7
1011 805 1095 849 sed
1121 805 1179 848 al.
1215 797 1221 867 Ι
1257 803 1461 849 Cornelii
1486 803 1630 849 Taciti
1653 803 1768 849 liber

76 886 263 940 quartus
291 881 495 926 decimus
528 882 737 940 explicit.
787 884 930 943 Incip.
961 885 1082 930 liber
1110 886 1295 943 quintus
1323 886 1544 930 decimus.

730 1026 943 1075 LIBER
979 1027 1094 1076 XV.

218 1139 239 1185 1
262 1175 274 1198 ,
311 1145 338 1187 2
359 1141 619 1199 alienigena
656 1138 662 1204 Ι
697 1149 751 1192 18
775 1149 852 1190 aut
873 1145 941 1190 B.-
972 1146 1093 1190 haud
1750 1201 1753 1205 ¹

215 1207 246 1255 2
264 1245 277 1268 ,
307 1215 333 1258 7
359 1211 607 1256 certamina
632 1212 703 1257 R.-
729 1218 898 1259 certam
924 1215 970 1259 in
1014 1214 1020 1272 Ι
1064 1219 1090 1263 9
1117 1214 1163 1259 in
1191 1214 1404 1260 absitium
1448 1209 1455 1279 Ι
1500 1221 1553 1263 12
1579 1215 1624 1260 in
1650 1202 1768 1277 oms}

76 1284 128 1329 17
155 1280 403 1325 exturbare
430 1280 496 1324 E.-
535 1283 727 1329 exturba

217 1346 274 1407 3,
313 1355 340 1397 3
378 1354 539 1395 cuncta
576 1353 960 1399 confestinantius
1003 1349 1011 1417 Ι
1054 1359 1084 1402 4
1122 1355 1350 1400 malebant
1393 1348 1400 1418 Ι
1442 1359 1469 1403 9
1496 1352 1773 1412 intersaepit

86 1419 248 1464 Wurm

212 1485 272 1545 4,
309 1493 336 1537 3
366 1494 408 1533 et
436 1486 466 1534 5
484 1524 497 1548 ,
528 1494 582 1539 17
610 1495 942 1548 tygranocerta
966 1494 1056 1543 al.,·
1083 1504 1167 1537 nos
1192 1497 1341 1537 tamen
1362 1491 1566 1550 formam
1592 1492 1769 1537 hetero-

75 1557 222 1602 clitam
248 1563 427 1603 mutare
449 1572 540 1604 non
565 1562 668 1604 ausi
689 1572 860 1619 sumus,
881 1564 965 1606 etsi
986 1564 1322 1607 terminationes
1357 1576 1425 1607 am
1452 1559 1523 1617 (ἕ)
1550 1567 1593 1606 et
1616 1576 1640 1607 a
1665 1574 1768 1606 sae-

69 1628 255 1685 pissime
280 1630 398 1673 inter
419 1641 469 1673 se
492 1633 744 1675 mutantur.
778 1623 786 1693 Ι
818 1627 849 1675 4
867 1665 880 1688 ,
919 1636 945 1680 6
971 1631 1129 1677 ambiit
1163 1625 1171 1694 Ι
1201 1636 1228 1680 6
1252 1630 1393 1676 fluvio
1429 1644 1518 1676 non
1548 1631 1770 1676 defende-

75 1697 208 1743 batur
230 1696 304 1742 He
445 1704 447 1707 ·

215 1764 273 1823 5,
313 1772 342 1815 4
366 1767 708 1814 circumsedere
740 1763 746 1831 Ι
790 1774 817 1817 6
842 1770 1076 1828 legionem
1117 1768 1124 1830 Ι
1167 1774 1193 1818 7
1222 1769 1568 1827 Tigranocertis
1597 1769 1683 1824 Ri,
1726 1773 1774 1814 at

75 1851 113 1881 υ.
139 1836 184 1881 Ν
205 1837 268 1881 ad
290 1841 370 1895 14,
395 1842 452 1884 24
483 1833 491 1900 Ι
524 1838 619 1883 adit
651 1831 660 1901 Ι
694 1844 748 1886 10
766 1853 922 1884 manu:
949 1839 1189 1885 moenibus
1216 1839 1346 1884 Neue
1377 1833 1386 1902 Ι
1418 1844 1473 1887 13
1499 1838 1545 1883 ui
1566 1839 1770 1884 locusta-

76 1920 172 1951 rum
200 1907 386 1963 aberat,
411 1919 494 1951 em.
516 1908 554 1950 L

218 1971 274 2031 6,
300 1979 522 2034 2patrata
543 1975 785 2032 magnifice
805 1975 879 2021 Pu
909 1970 920 2040 Ι
953 1975 1011 2034 7,
1032 1982 1059 2025 6
1083 1970 1296 2022 tristione
1325 1991 1425 2022 nam
1456 1970 1467 2041 Ι
1498 1981 1523 2026 7
1546 1976 1769 2022 tramitte-

76 2045 154 2090 bat
178 2046 238 2089 αῖ.
275 2040 282 2106 Ι
314 2049 343 2093 8
368 2044 487 2090 ostia
517 2057 753 2102 quaeque,
784 2057 869 2089 em.
891 2045 966 2090 Pu

217 2110 274 2171 8,
315 2119 335 2161 1
364 2113 624 2159 hominibus
658 2108 666 2175 Ι
699 2120 754 2161 10
776 2114 1043 2172 magnificas
1072 2114 1112 2159 L

216 2180 275 2241 9,
312 2188 339 2232 6
367 2183 413 2228 in
440 2197 530 2241 quo
561 2197 701 2240 saxa,
729 2196 814 2227 em.
844 2183 919 2228 Pu
950 2178 959 2248 Ι
990 2188 1016 2232 7
1042 2183 1398 2243 permanebant,
1429 2182 1541 2242 fort.
1571 2195 1632 2227 ex
1660 2195 1768 2240 per-

77 2253 305 2299 vadebant
336 2246 344 2316 Ι
379 2250 471 2309 10,
507 2259 525 2300 l
551 2253 666 2298 fama
689 2249 832 2313 (fama
857 2287 866 2297 .
892 2287 901 2297 .
931 2258 1116 2311 sperata
1142 2248 1356 2313 eratJG)
1389 2246 1398 2316 Ι
1431 2257 1485 2300 12
1514 2251 1685 2310 peditis
1705 2250 1769 2295 P.-

27 2355 33 2363 .
77 2322 257 2381 pedites
291 2320 298 2382 Ι
331 2329 385 2372 15
409 2322 653 2369 Armosata
672 2321 833 2381 Ryclc;
855 2321 1154 2368 Arsamosata
1181 2335 1304 2366 nunc
1324 2321 1538 2367 scribitur
1565 2322 1696 2366 etiam
1723 2321 1769 2364 in

77 2390 195 2437 Ptin.
223 2392 282 2437 N.
308 2391 372 2436 H.
420 2391 513 2447 VI,
552 2397 605 2448 9,
633 2387 684 2448 ἕ.
717 2396 773 2440 26
816 2385 823 2455 Ι
867 2396 919 2441 17
957 2393 1149 2437 lacunae
1185 2393 1362 2450 sianum
1389 2393 1546 2450 posuit
1566 2389 1641 2435 He
1671 2383 1681 2452 Ι
1713 2393 1770 2436 20

79 2461 296 2507 subsidiis
311 2454 428 2519 sem.
453 2460 526 2506 Pu

219 2527 309 2588 11,
346 2535 373 2577 2
399 2531 483 2576 sed
509 2530 595 2575 del.
621 2530 695 2575 Fa
728 2524 735 2593 Ι
772 2527 862 2587 12,
894 2535 947 2579 16
972 2531 1260 2589 aspiceretur
1286 2530 1345 2574 L:
1376 2529 1666 2588 apisceretur

222 2597 310 2656 13,
348 2607 374 2648 5
407 2599 585 2645 extrahi
617 2599 666 2644 N
701 2594 708 2663 Ι
749 2605 776 2648 6
805 2600 1016 2658 ignavia,
1048 2604 1097 2644 ut
1125 2599 1192 2652 R,
1231 2604 1278 2643 at
1306 2613 1345 2643 v.
1370 2598 1600 2642 Piclzenae
1622 2597 1731 2640 adn.
1760 2590 1765 2659 Ι

79 2671 105 2718 7
133 2669 172 2715 si
195 2669 267 2715 hic
292 2670 399 2714 add.
431 2669 542 2727 Wr,
572 2673 676 2713 ante
699 2681 829 2727 quem
859 2683 912 2714 ac
942 2669 982 2713 si
1009 2668 1080 2713 vis
1111 2667 1341 2727 leyebatur
1372 2660 1380 2730 Ι
1414 2666 1576 2711 caudie
1606 2679 1769 2710 nenum

82 2738 324 2797 antineque
352 2739 542 2784 eandem
567 2735 756 2798 (Caudii
779 2743 824 2783 et
842 2737 1123 2782 Numantiae.
1155 2749 1304 2794 neque
1333 2735 1522 2780 eandem
1550 2731 1635 2794 O)·
1675 2734 1769 2779 cla-

82 2806 152 2852 dis
191 2807 263 2852 hic
305 2807 412 2852 add.
446 2808 545 2859 Bz‚·
580 2808 636 2851 al.
672 2809 776 2863 post
806 2805 1196 2862 Numantinaeque
1242 2798 1250 2869 Ι
1286 2809 1314 2852 8
1349 2819 1403 2851 ac
1437 2797 1615 2849 Parthis
1651 2802 1767 2848 Hm.-

83 2880 158 2920 aut
181 2877 340 2936 paenis
370 2873 443 2932 (ut
467 2876 645 2921 Parthis
668 2877 733 2933 N,
772 2880 847 2920 aut
872 2874 1087 2933 Hispanis
1109 2879 1158 2918 ut
1187 2874 1249 2931 F,
1288 2878 1363 2918 aut
1388 2872 1603 2932 Hispanis
1637 2885 1765 2931 quam
