1976 3224
611 182 783 219 LIBER
821 181 944 218 xm.
986 180 1110 218 CAP.
1150 179 1367 222 12—16.
1727 169 1823 220 231

162 313 338 380 piendo
370 314 518 376 patris
545 309 766 373 imperio,
797 308 924 373 quod
953 309 1201 356 insitus‘et
1229 309 1485 373 adoptivus
1513 322 1602 373 per
1636 306 1829 355 iniurias

160 384 323 439 matris
350 386 622 430 exerceret.
678 393 774 427 non
795 378 1006 427 abnuere
1028 393 1080 426 se
1102 379 1215 441 quin
1237 378 1407 427 cuncta
1427 377 1638 426 infelicis
1660 376 1829 425 domus

157 453 282 502 mala
309 453 620 515 patefierent,
661 463 776 497 suae
814 448 1066 512 inprimis
1102 449 1322 513 nuptiae,
1355 463 1488 496 suum
1514 446 1827 496 veneficium:

158 523 207 572 id
235 521 391 571 solum
417 520 488 569 dis
517 526 563 567 et
589 518 678 566 sibi
706 519 951 582 provisum
978 517 1107 582 quod
1133 519 1322 566 viveret
1349 518 1617 582 privignus.
1658 517 1829 565 ituram

161 607 267 642 cum
291 591 375 640 illo
402 592 448 638 in
472 596 653 644 castra;
681 587 922 637 audiretur
945 587 1057 635 hinc
1077 586 1348 637 Germanici
1378 587 1491 650 filia,
1524 586 1634 635 inde
1655 584 1828 634 debilis
1848 607 1887 639 15

161 660 368 727 [rursus]
398 660 576 708 Burrus
607 665 654 706 et
682 657 794 706 exul
822 657 1025 720 Seneca,
1051 665 1218 707 trunca
1255 657 1444 706 scilicet
1475 672 1614 705 manu
1641 663 1687 704 et
1717 670 1828 720 pro-

158 732 368 781 fessoria
396 730 558 792 lingua
581 729 778 790 generis
803 727 992 776 humani
1012 728 1231 790 regimen
1257 726 1641 791 expostulantes.
1693 724 1831 774 simul

158 799 409 850 intendere
445 812 636 860 manUS,
679 797 917 860 adgerere
946 797 1150 861 probra,
1196 804 1532 847 consecratum
1564 794 1827 856 Claudium,

157 871 374 919 infernos
400 868 666 917 Silanorum
692 882 856 915 manes
877 862 1107 916 invocare
1134 874 1182 916 et
1206 874 1278 916 tot
1302 868 1443 916 inrita
1471 867 1704 915 facinora.

261 940 342 989 15.
387 936 624 987 Turbatus
660 936 732 984 his
766 935 899 985 Nero
940 944 988 985 et
1022 939 1297 1001 propinquo
1336 936 1440 999 die,
1479 950 1574 1000 quo
1615 942 1830 1000 quartum

156 1010 408 1058 decumum
443 1007 613 1056 aetatis
650 1021 819 1054 annum
856 1005 1159 1055 Britannicus
1201 1006 1455 1071 explebat,
1495 1005 1716 1055 volutare
1754 1019 1828 1053 se-

159 1094 266 1128 cum
290 1077 432 1128 modo
458 1078 619 1124 matris
648 1076 948 1138 violentiam,
983 1076 1125 1125 modo
1152 1077 1303 1141 ipsius
1330 1076 1564 1138 indolem,
1604 1074 1701 1123 levi
1729 1075 1829 1137 qui-

157 1149 267 1198 dem
308 1149 640 1211 experimento
676 1161 829 1210 nuper
865 1146 1128 1209 cognitam,
1168 1161 1262 1211 quo
1299 1154 1455 1194 tamen
1492 1145 1710 1192 favorem
1734 1143 1829 1192 late

161 1218 498 1282 quaesivisset.
554 1216 691 1264 festis
719 1216 921 1264 Saturno
962 1215 1129 1263 diebus
1163 1217 1286 1264 inter
1321 1215 1413 1264 alia
1453 1213 1723 1278 aequalium
1761 1213 1828 1261 lu·
1851 1235 1870 1267 5

161 1289 292 1353 diora
316 1300 518 1350 regnum
541 1284 646 1333 lusu
673 1286 970 1334 sortientium
998 1293 1228 1334 evenerat
1250 1300 1307 1334 ea
1330 1299 1437 1333 sors
1457 1283 1655 1332 Neroni.
1685 1284 1831 1346 igitur

163 1358 340 1406 ceteris
367 1357 556 1404 diversa
595 1370 684 1403 nec
722 1354 948 1403 ruborem
984 1355 1224 1404 adlatura:
1266 1354 1344 1403 ubi
1382 1354 1655 1402 Britannico
1691 1353 1830 1402 iussit

158 1433 450 1489 exsurgeret
487 1439 878 1489 progressusque
916 1426 962 1473 in
1001 1424 1206 1473 medium
1245 1432 1430 1474 cantum
1471 1423 1675 1487 aliquem
1715 1423 1828 1470 inci-

165 1503 319 1562 peret,
346 1497 540 1543 inrisum
568 1509 629 1542 ex
648 1509 707 1543 eo
735 1509 939 1559 sperans
965 1496 1101 1558 pueri
1130 1494 1322 1544 sobrios
1344 1508 1537 1558 quoque
1559 1492 1826 1555 convictuS,

160 1566 331 1615 nedum
364 1564 650 1613 temulentos
674 1565 956 1627 ignorantiS,
983 1564 1066 1612 ille
1094 1571 1372 1613 constanter
1399 1577 1604 1612 exorsus
1630 1569 1703 1611 est
1725 1576 1827 1610 car·
1849 1571 1887 1604 10

163 1648 293 1698 men,
339 1648 432 1699 quo
461 1634 700 1682 evolutum
734 1649 840 1682 eum
867 1633 983 1682 sede
1016 1635 1166 1698 patria
1194 1634 1435 1698 rebusque
1462 1633 1654 1681 summis
1682 1631 1827 1694 signi-

161 1704 407 1755 ficabatur.
463 1703 587 1752 unde
614 1711 718 1752 orta
744 1705 989 1752 miseratio
1011 1704 1325 1764 manifestior,
1357 1703 1466 1766 quia
1495 1701 1827 1750 dissimulatio·

158 1789 269 1824 nem
295 1787 393 1822 nox
420 1781 468 1822 et
492 1773 694 1822 lascivia
722 1782 981 1822 exemerat.
1032 1773 1165 1822 Nero
1193 1773 1438 1821 intellecta
1469 1771 1641 1820 invidia
1671 1769 1828 1819 odium

162 1842 385 1898 intendit;
425 1842 835 1906 urguentibusque
862 1843 1164 1908 Agrippinae
1190 1843 1356 1905 miniS,
1398 1842 1505 1906 quia
1532 1841 1709 1889 nullum
1737 1840 1827 1888 cri-

161 1929 269 1962 men
294 1926 452 1975 neque
477 1911 645 1959 iubere
670 1911 867 1960 caedem
894 1912 1060 1961 fratris
1082 1912 1239 1977 palam
1260 1910 1482 1974 audebat,
1516 1911 1708 1960 occulta
1727 1925 1827 1958 mo·
1848 1919 1887 1951 15

161 1983 273 2032 titur
298 1982 552 2046 pararique
583 1996 815 2029 venenum
845 1981 1002 2044 iubet,
1038 1983 1252 2030 ministro
1280 1981 1498 2031 Pollione
1533 1980 1653 2029 Iulio
1692 1994 1828 2044 prae-

162 2053 317 2102 toriae
343 2050 559 2099 cohortis
584 2050 798 2114 tribuno,
829 2051 962 2099 cuius
988 2066 1100 2099 cura
1132 2051 1418 2100 attinebatur
1441 2050 1656 2098 damnata
1682 2064 1827 2097 vene·

162 2123 258 2171 ficii
285 2122 476 2169 nomine
502 2118 706 2168 Locusta
733 2119 876 2169 multa
907 2120 1146 2170 scelerum
1171 2121 1310 2169 fama.
1366 2135 1472 2168 nam
1508 2126 1556 2166 ut
1582 2120 1828 2182 proximus

162 2191 366 2255 quisque
392 2189 666 2238 Britannico
691 2204 849 2253 neque
871 2190 944 2238 fas
964 2205 1120 2254 neque
1143 2190 1283 2239 iidem
1306 2191 1443 2253 pensi
1465 2188 1682 2250 haberet,
1716 2187 1828 2236 olim

165 2261 405 2326 provisum
441 2266 558 2307 erat.
602 2262 801 2323 primum
840 2274 1072 2308 venenum
1111 2259 1170 2308 ab
1207 2260 1325 2323 ipsis
1371 2257 1710 2306 educatoribus
1747 2265 1886 2305 ac-20

164 2330 320 2393 cepit,
364 2322 664 2393 'tramisitque
706 2329 927 2378 exsoluta
966 2329 1076 2378 alvo
1118 2343 1284 2393 parum
1307 2328 1538 2390 validum,
1585 2329 1689 2375 sive
1713 2334 1827 2375 tem-

163 2406 490 2464 peramentum
529 2399 680 2447 inerat
711 2413 770 2446 ne
806 2399 959 2447 statim
987 2401 1213 2447 saeviret.
1258 2398 1344 2447 sed
1369 2397 1501 2446 Nero
1530 2397 1646 2445 lenti
1672 2396 1828 2444 scele-

141 2471 229 2517 ris
249 2468 487 2532 inpatiens
525 2469 726 2516 minitari
764 2468 979 2529 tribuno,
1024 2468 1192 2517 iubere
1232 2467 1519 2532 supplicium
1556 2465 1827 2526 veneficae,

165 2536 443 2603 quod,‚dum
467 2551 704 2585 rumorem
731 2538 1019 2601 respiciunt,
1045 2538 1151 2586 dum
1177 2545 1347 2602 parant
1374 2536 1712 2596 defensioneS,
1754 2548 1828 2582 se-

165 2608 412 2656 curitatem
450 2614 762 2655 morarentur.
814 2607 1197 2671 promittentibus
1235 2606 1343 2654 dein
1382 2613 1474 2653 tam
1510 2603 1827 2667 praecipitem
1844 2612 1886 2643 2⁵

166 2691 334 2726 necem
369 2691 505 2740 quam
541 2676 581 2723 si
616 2676 748 2724 ferro
772 2683 1085 2739 urgueretur,
1128 2675 1395 2724 cubiculum
1437 2671 1660 2721 Caesaris
1697 2673 1825 2721 iuxta

166 2745 449 2810 decoquitur
476 2747 603 2794 virus
630 2745 836 2807 cognitis
864 2752 1003 2794 antea
1031 2745 1232 2794 venenis
1258 2742 1487 2807 rapidum.

272 2816 352 2866 16.
391 2815 496 2864 Mos
532 2814 796 2863 habebatur
823 2815 1090 2879 principum
1126 2813 1308 2863 liberos
1346 2827 1452 2860 cum
1491 2811 1670 2859 ceteris
1702 2809 1826 2859 idem

166 2885 334 2933 aetatis
377 2884 619 2933 nobilibus
666 2883 891 2932 sedentes
935 2885 1070 2932 vesci
1114 2884 1161 2932 in
1207 2890 1406 2948 aspectu
1447 2880 1827 2945 propinquorum
