1976 3224
584 188 757 226 LIBER
782 189 865 226 111.
897 189 1020 226 CAP.
1044 172 1263 231 δεῖ-38(
1669 179 1735 227 95

0 314 291 365 ›'intentius
325 323 586 364 excusante
633 331 686 364 se
730 315 940 380 Lepido,
986 330 1091 364 cum
1127 316 1448 366 valetudinem
1499 319 1739 382 corporiS,

70 382 272 435 aetatem
309 385 532 448 liberum,
571 383 779 433 nubilem
821 385 964 433 filiam
998 384 1307 449 obtenderet,
1349 386 1739 448 intellegeretur-

69 469 161 520 que
189 455 330 503 etiam
356 454 484 518 quod
523 454 723 517 silebat,
763 454 1047 508 avunculum
1085 469 1196 503 esse
1222 456 1383 504 Seiani
1412 455 1636 504 Blaesum
1670 463 1736 506 at-

69 539 162 588 que
201 538 261 572 eo
299 523 639 588 praevalidum.
703 522 954 587 respondit
985 523 1188 572 Blaesus
1232 526 1402 588 specie
1450 527 1737 590 recusantis,

67 592 153 642 sed
177 606 334 657 neque
359 593 527 642 eadem
545 593 930 655 adseveratione,
962 600 1010 642 et
1035 607 1273 641 consensu
1295 594 1583 643 adulantium
1605 596 1733 644 adiu-

66 670 141 711 tus
168 669 258 711 est.
281 666 285 668 ’
1395 662 1405 665 “
1755 676 1796 711 ιο

169 731 251 782 36.
290 729 429 779 Exim
476 738 746 795 promptum
805 730 930 795 quod
972 731 1225 780 multorum
1267 732 1441 781 intimis
1485 735 1733 797 questibus

63 799 334 865 tegebatur.
383 799 641 849 incedebat
671 804 794 849 enim
820 801 1076 849 deterrimo
1104 803 1276 866 cuique
1317 801 1509 850 licentia
1544 803 1734 867 impune

65 869 239 936 probra
265 876 313 918 et
339 869 559 918 invidiam
596 870 642 919 in
677 870 833 918 bonos
873 870 1110 919 excitandi
1146 878 1337 935 arrepta
1374 872 1579 934 imagine
1613 871 1734 921 Cae-

64 941 208 996 saris;
255 937 509 1004 libertique
547 941 687 988 etiam
725 954 783 988 ac
827 939 955 988 servi
995 947 1199 1003 patrono
1239 940 1318 988 vel
1360 940 1582 1002 domin0,
1630 957 1734 990 cum

66 1024 242 1071 voces,
281 1023 386 1057 cum
420 1023 584 1058 manus
609 1010 921 1071 intentarent,
947 1007 1070 1058 ultro
1099 1008 1449 1059 metuebantur.
1502 1011 1647 1073 igitur
1677 1009 1730 1059 C.
1756 1018 1775 1049 5

65 1078 252 1128 Cestius
295 1085 490 1127 senator
543 1079 768 1127 disseruit
815 1079 1061 1142 principes
1106 1078 1296 1142 quidem
1339 1080 1488 1128 instar
1531 1079 1732 1128 deorum

63 1163 200 1210 esse,
238 1147 325 1196 sed
349 1162 507 1212 neque
533 1162 560 1196 a
596 1147 667 1196 dis
702 1149 793 1195 nisi
838 1148 986 1196 iustas
1028 1148 1298 1212 supplicum
1342 1164 1518 1212 preces
1565 1149 1730 1213 audiri,

61 1232 219 1282 neque
254 1232 537 1281 quemquam
574 1218 620 1264 in
656 1215 944 1280 Capitolium
987 1217 1143 1267 aliave
1179 1217 1310 1266 urbis
1353 1218 1532 1282 templa
1569 1219 1731 1284 perfu-

61 1302 200 1351 gere,
228 1293 278 1335 ut
304 1300 364 1334 eo
391 1286 606 1335 subsidio
633 1285 897 1348 ad'llagitia
923 1294 1092 1336 utatur.
1144 1287 1351 1336 abolitas
1386 1288 1527 1352 leges
1555 1297 1602 1337 et
1627 1290 1730 1338 fun-

63 1356 185 1405 ditus
213 1370 406 1418 versas,
434 1356 513 1421 ubi
540 1357 586 1404 in
615 1355 752 1419 forn,
788 1356 836 1404 in
875 1356 1034 1406 limine
1059 1359 1220 1406 curiae
1252 1357 1311 1406 ab
1349 1357 1501 1406 Annia
1537 1358 1727 1422 Rufilla,
1749 1374 1789 1406 10

62 1441 201 1491 quam
225 1424 404 1473 fraudis
439 1425 525 1474 sub
551 1425 707 1474 iudice
748 1425 1094 1489 damnavisset,
1137 1426 1318 1491 probra
1361 1426 1451 1474 sibi
1487 1435 1535 1475 et
1575 1429 1730 1476 minae

60 1495 381 1557 intendantur,
420 1509 577 1559 neque
601 1497 707 1560 ipse
747 1494 917 1544 audeat
948 1496 1020 1544 ius
1055 1497 1268 1559 experiri
1304 1495 1365 1545 ob
1402 1497 1613 1559 effigiem
1648 1499 1729 1545 im-

61 1565 302 1630 peratoris
328 1566 616 1629 oppositam.
672 1564 798 1614 haud
824 1563 1071 1614 dissimilia
1099 1565 1177 1613 alii
1203 1572 1252 1614 et
1278 1564 1467 1630 quidam
1489 1568 1732 1615 atrociora

63 1633 550 1698 circumstrepebant,
615 1634 1034 1699 precabanturque
1089 1634 1294 1683 Drusum
1349 1634 1485 1684 daret
1535 1635 1730 1685 ultionis

0 1709 1 1716 ³
61 1703 348 1769 exemplum,
377 1703 532 1753 donec
560 1706 762 1754 accitam
789 1706 1155 1768 convictamque
1193 1705 1379 1752 attineri
1416 1704 1608 1768 publica
1650 1720 1727 1754 cu·
1749 1724 1788 1758 15

61 1772 216 1822 stodia
238 1773 390 1822 iussit.

165 1842 247 1892 37.
286 1841 349 1890 Et
375 1840 626 1891 Considius
653 1841 852 1906 Aequus
888 1850 937 1891 et
976 1841 1170 1892 Caelius
1198 1842 1381 1906 Cursor
1412 1845 1599 1908 equites
1631 1843 1727 1892 Ro-

59 1913 200 1973 mani,
231 1911 357 1975 quod
398 1913 522 1960 lictis
547 1912 817 1960 maiestatis
857 1912 1130 1960 criminibus
1161 1911 1371 1976 Magium
1407 1912 1729 1962 Caecilianum

61 1988 334 2046 praetorem
359 1981 667 2044 petivissent,
706 1988 903 2029 auctore
940 1983 1160 2046 principe
1196 1996 1254 2030 ae
1291 1982 1492 2030 decreto
1535 1989 1728 2030 senatus

59 2051 222 2115 puniti.
267 2057 518 2114 utrumque
544 2051 591 2098 in
620 2048 809 2099 laudem
831 2049 975 2098 Drusi
999 2050 1303 2100 trahebatur:
1332 2050 1392 2099 ab
1425 2064 1484 2099 eo
1516 2052 1561 2098 in
1589 2051 1726 2112 urbe,

0 2126 1 2132 ’
59 2120 182 2168 inter
212 2127 381 2169 coetus
405 2127 452 2168 et
477 2133 728 2168 sermones
753 2119 992 2169 hominum
1018 2119 1330 2182 obversante,
1368 2126 1558 2168 secreta
1580 2121 1729 2184 patris
1752 2130 1771 2162 5

0 2213 2 2228 ι
60 2189 282 2252 mitigari.
336 2205 493 2254 neque
519 2190 659 2238 luxus
685 2190 732 2237 in
757 2189 930 2249 iuvene
962 2189 1084 2238 adeo
1108 2188 1422 2253 displicebat:
1455 2189 1548 2237 huc
1570 2191 1728 2253 potius

61 2257 355 2323 intenderet,
384 2259 504 2308 diem
523 2265 552 2316 †
578 2258 1015 2323 aedificationibuS,
1042 2267 1232 2308 noctem
1254 2260 1488 2307 conviviis
1515 2259 1727 2321 trahere,

0 2343 1 2362 ³
65 2340 200 2393 quam
228 2329 361 2378 solus
387 2337 434 2377 et
458 2328 599 2378 nullis
633 2328 959 2393 voluptatibus
996 2335 1226 2378 avocatus
1261 2336 1490 2378 maestam
1527 2328 1728 2391 vigilan-

11 2451 13 2464 Ι
63 2397 172 2446 tiam
199 2405 246 2447 et
270 2399 418 2448 malas
451 2413 590 2447 curas
621 2406 892 2447 exerceret.

11 2466 13 2534 ’ζ
169 2465 250 2518 38.
295 2468 403 2517 Non
449 2470 572 2517 enim
613 2467 867 2530 Tiberius,
912 2482 1006 2516 non
1058 2474 1372 2515 accusatores
1422 2464 1727 2514 fatiscebant.

4 2558 15 2597 ῃ
65 2541 113 2584 et
135 2535 403 2587 Ancharius
439 2537 633 2586 Priscus
676 2535 898 2585 Caesium
936 2535 1144 2584 Cordum
1180 2550 1270 2599 pro
1317 2535 1516 2584 consule
1553 2533 1727 2581 Cretae

4 2595 7 2605 ³
63 2606 390 2668 postulaverat
414 2605 709 2671 repetundiS,
741 2605 900 2654 addito
928 2606 1188 2653 maiestatis
1215 2605 1439 2665 crimine,
1478 2602 1605 2666 quod
1632 2609 1728 2649 tum

6 2679 9 2739 ζ
65 2676 266 2725 omnium
314 2678 670 2726 accusationum
722 2675 1121 2738 complementum
1171 2680 1289 2720 erat.
1363 2670 1544 2719 Caesar
1591 2671 1727 2718 Anti-

6 2741 9 2790 ἑ
66 2742 202 2792 stium
239 2746 468 2795 Veterem
509 2762 534 2793 e
578 2744 868 2810 primoribus
911 2741 1247 2803 Macedoniae,
1290 2740 1559 2790 absolutum
1598 2739 1766 2788 adul-⁵

8 2852 10 2879 ὲ
65 2812 190 2873 terii,
218 2815 464 2879 increpitis
488 2814 720 2862 iudicibus
751 2813 809 2861 ad
837 2811 1086 2861 dicendam
1119 2811 1380 2859 maiestatis
1419 2825 1610 2859 causam
1651 2824 1726 2857 re-

9 2901 11 2920 ἲ
64 2882 230 2945 traxit,
277 2891 326 2931 ut
369 2883 603 2932 turbidum
650 2889 695 2930 et
738 2879 1120 2944 Rhescuporidis
1166 2880 1379 2928 consiliis
1426 2881 1725 2943 permixtum,
