1976 3224
256 184 361 235 236
704 194 977 234 CORNELII
1000 193 1194 231 TAcrrl
1214 193 1522 232 ANNALIUM

259 323 365 372 cula
393 324 533 372 veste
561 323 727 372 servili
762 324 809 371 in
836 322 1262 371 dissimulationem
1287 321 1359 370 sui
1385 322 1683 385 compositus
1711 337 1929 386 pererra·

256 392 366 455 bat,
406 389 742 442 comitantibus
782 393 861 457 qui
894 399 1124 456 raperent
1150 390 1413 440 venditioni
1443 391 1666 454 exposita
1703 399 1751 440 et
1776 391 1933 441 obviis

217 483 239 515 6
256 462 456 511 vulnera
484 462 736 527 inferrent,
765 462 998 511 adversus
1025 464 1223 525 ignaros
1250 460 1392 524 adeo,
1419 467 1468 509 ut
1493 461 1600 525 ipse
1626 474 1818 526 quoque
1845 477 1930 510 ex·

257 533 445 597 ciperet
480 533 604 581 ictus
630 539 687 580 et
725 546 812 580 ore
847 531 1137 596 praeferret.
1195 530 1368 580 deinde
1403 529 1482 578 ubi
1523 528 1782 581 Caesarem
1821 546 1934 580 esse

255 604 335 667 qni
372 600 677 666 grassaretur
725 603 971 667 pernotuit
1018 600 1414 665 augebanturque
1451 600 1650 649 iniuriae
1701 600 1934 651 adversus

253 672 388 720 viros
419 672 724 736 feminasque
753 671 1001 734 insignes,
1040 679 1089 719 et
1116 670 1303 735 quidam
1340 671 1575 735 permissa
1607 671 1756 720 semel
1784 671 1932 720 licen·

253 743 319 791 tia
360 741 447 790 sub
497 743 689 791 nomine
722 740 933 790 Neronis
972 738 1106 790 inulti
1145 740 1354 806 propriis
1403 755 1507 789 cum
1543 739 1717 803 globis
1765 740 1933 790 eadem

198 833 239 866 10
257 810 583 875 exercebant,
622 812 670 860 in
703 810 894 860 modum
932 812 1220 875 captivitatis
1258 824 1356 859 nox
1391 809 1648 873 agebatur;
1686 809 1933 875 Iuliusque

254 881 509 931 Montanus
547 883 774 931 senatorii
818 880 1029 943 ordiniS,
1081 879 1182 928 sed⁴
1208 881 1287 945 qui
1332 879 1538 928 nondum
1580 879 1813 929 honorem
1854 895 1931 929 ca-

257 953 524 1016 pessisset,
564 966 861 1014 congressus
891 951 1018 1000 forte
1046 966 1135 1015 per
1160 949 1387 999 tenebras
1416 965 1519 999 cum
1547 950 1795 1015 principe,
1822 951 1930 1015 quia

255 1022 302 1069 vi
345 1029 706 1086 attemptantem
741 1022 920 1070 acriter
966 1020 1274 1086 reppulerat,
1325 1019 1500 1069 deinde
1546 1019 1789 1082 adgnitum
1826 1034 1932 1069 ora-

254 1098 419 1154 verat,
454 1093 589 1155 quasi
615 1090 989 1156 exprobrasset,
1029 1092 1150 1139 mori
1182 1090 1380 1139 adactus
1418 1097 1507 1138 est.
1555 1089 1688 1141 Nero
1715 1091 1808 1140 iam
1834 1106 1931 1139 me-

199 1183 239 1215 15
255 1162 467 1210 tuentior
502 1162 549 1210 in
599 1169 844 1225 posterum
879 1160 1056 1209 milites
1102 1160 1193 1209 sibi
1238 1167 1286 1209 et
1323 1159 1589 1226 plerosque
1635 1159 1932 1223 gladiatores

258 1231 598 1295 circumdedit,
640 1233 718 1296 qui
746 1234 953 1280 rixarum
978 1231 1109 1280 initia
1145 1230 1331 1280 modica
1356 1237 1404 1278 et
1434 1231 1570 1294 quasi
1596 1231 1784 1294 privata
1809 1231 1931 1278 sine-

256 1308 387 1350 rent:
421 1302 460 1349 si
489 1317 514 1350 a
542 1301 691 1350 laesis
719 1301 925 1350 validius
958 1309 1204 1364 ageretur,
1231 1315 1358 1350 arma
1387 1299 1673 1349 inferebant.
1702 1299 1932 1357 ludicram

259 1385 455 1435 quoque
503 1371 746 1420 licentiam
800 1379 848 1420 et
895 1371 1112 1420 fautores
1148 1371 1429 1428 histrionum
1478 1370 1610 1419 velut
1650 1371 1695 1418 in
1745 1370 1933 1435 proelia

259 1441 498 1489 convertit
535 1443 798 1505 inpunitate
836 1448 883 1489 et
915 1441 1140 1504 praemiis
1166 1448 1310 1505 atque
1346 1441 1452 1505 ipse
1479 1439 1698 1488 occultus
1742 1447 1790 1489 et
1825 1441 1930 1504 ple-

197 1533 239 1566 20
256 1525 457 1574 rumque
491 1526 653 1560 coram
691 1518 1039 1575 prospectanS,
1080 1510 1237 1558 donec
1275 1509 1486 1576 discordi
1524 1509 1707 1575 populo
1746 1517 1793 1558 et
1821 1525 1930 1573 gra-

255 1581 405 1628 vioris
435 1588 592 1629 motus
619 1587 809 1630 terrore
835 1595 932 1628 non
963 1580 1090 1629 aliud
1113 1579 1372 1629 remedium
1399 1587 1644 1644 repertum
1673 1587 1764 1642 est,
1794 1594 1932 1643 quam

256 1657 306 1698 ut
347 1650 608 1699 histriones
643 1650 778 1699 Italia
814 1650 1112 1714 pellerentur
1149 1649 1385 1712 milesque
1413 1648 1602 1697 theatro
1641 1663 1825 1696 rursum
1853 1648 1931 1697 ad-

258 1719 455 1767 sideret.

359 1788 445 1846 26.
482 1788 577 1837 Per
603 1789 729 1838 idem
756 1797 944 1853 tempus
971 1795 1126 1837 actum
1154 1790 1201 1836 in
1226 1796 1393 1838 senatu
1422 1788 1483 1836 de
1517 1787 1763 1837 fraudibus
1791 1787 1931 1836 liber-

256 1865 440 1920 torum,
470 1858 881 1922 efflagitatumque
909 1866 958 1906 ut
987 1858 1220 1907 adversus
1246 1858 1371 1910 male
1398 1858 1595 1907 meritos
1623 1857 1933 1907 revocandae

256 1927 495 1976 libertatis
534 1929 607 1976 ius
645 1930 861 1992 patronis
902 1929 1112 1976 daretur.
1173 1943 1267 1976 nec
1303 1928 1503 1977 deerant
1538 1929 1618 1992 qui
1656 1935 1930 1990 censerent,

256 1997 343 2045 sed
380 1997 608 2047 consules
645 1998 928 2046 relationem
963 1999 1181 2062 incipere
1225 2012 1319 2046 non
1359 1999 1458 2047 ansi
1493 1999 1663 2060 ignaro
1692 1998 1932 2062 principe,

218 2068 598 2132 sperscripsere
648 2075 805 2116 tamen
850 2069 896 2115 ei
942 2082 1230 2116 consensum
1268 2075 1477 2116 senatus.
1539 2067 1624 2116 ille
1665 2082 1724 2116 an
1763 2075 1932 2116 auctor

259 2138 611 2186 constitutionis
641 2139 779 2186 fieret
807 2137 1098 2186 consultavit
1122 2139 1247 2186 inter
1275 2151 1459 2201 paucos
1477 2144 1536 2185 'et
1561 2138 1830 2186 sententiae
1858 2135 1927 2184 di-

254 2221 457 2269 versoS‚
498 2206 778 2271 quibusdam
818 2207 1041 2256 coalitam
1077 2206 1299 2256 libertate
1332 2208 1702 2255 inreverentiam
1731 2220 1791 2254 eo
1817 2220 1928 2271 pro-

254 2277 448 2340 rupisse
474 2276 806 2339 frementibuS,
831 2283 887 2325 ut
912 2278 1023 2324 vine
1048 2291 1106 2325 an
1137 2291 1295 2340 aequo
1324 2292 1427 2325 cum
1458 2272 1671 2340 patronis
1691 2277 1792 2325 iure
1815 2291 1927 2339 age-

255 2352 385 2406 rent,
428 2352 456 2401 †
484 2344 767 2394 sententiam
805 2359 971 2393 eorum
1003 2346 1332 2394 consultarent
1358 2361 1416 2394 ac
1443 2345 1728 2394 verberibus
1766 2360 1929 2394 manus

199 2439 238 2470 10
256 2414 381 2462 ultro
410 2414 731 2476 intenderent,
759 2422 789 2470 †
814 2415 1050 2479 impulere
1078 2415 1158 2463 vel
1186 2430 1392 2479 poenam
1420 2430 1552 2463 suam
1578 2415 1925 2471 dissuadentes.

255 2483 367 2548 quid
390 2485 513 2532 enim
535 2484 661 2534 aliud
686 2484 822 2533 laeso
845 2491 1050 2548 patrono
1075 2499 1362 2533 concessum
1390 2499 1529 2549 quarn
1551 2492 1599 2534 ut
1619 2487 1927 2540 centesimum

254 2554 376 2602 ultra
403 2553 611 2619 lapidem
650 2554 696 2602 in
725 2568 857 2603 oram
885 2551 1176 2618 Campaniae
1205 2554 1426 2603 libertum
1462 2552 1692 2618 releget?
1738 2561 1927 2607 c'esteras

255 2625 472 2672 actiones
499 2625 767 2689 promiscas
799 2631 848 2672 et
870 2638 1015 2688 pares
1043 2639 1169 2672 esse.
1221 2623 1516 2673 tribuendum
1551 2622 1744 2687 aliquod
1766 2622 1926 2674 telum

257 2692 384 2756 quod
413 2695 578 2758 sperni
603 2702 826 2758 nequeat.
879 2708 971 2742 nec
997 2708 1148 2756 grave
1177 2703 1316 2742 manu
1341 2695 1500 2742 missis
1520 2709 1609 2758 per
1632 2692 1756 2742 idem
1783 2692 1925 2742 obse-

199 2780 237 2810 κ,
258 2765 415 2823 quium
441 2763 676 2812 retinendi
706 2763 996 2826 libertatem,
1022 2778 1110 2827 per
1137 2762 1264 2827 quod
1290 2763 1506 2812 adsecuti
1531 2763 1652 2812 sint:
1694 2769 1742 2811 at
1771 2764 1924 2811 crimi-

255 2844 364 2877 num
392 2833 674 2881 manifestos
698 2833 869 2881 merito
897 2832 955 2881 ad
982 2833 1262 2881 servitutem
1299 2832 1502 2895 retrahi,
1537 2839 1587 2880 ut
1620 2839 1747 2881 metu
1785 2847 1923 2882 coer-

258 2908 456 2948 ceantur
484 2916 604 2964 quos
634 2901 870 2950 beneficia
896 2916 989 2951 non
1023 2902 1349 2950 mutavissent.
