1976 3224
210 163 312 212 242
711 174 984 233 CORNELH
1013 176 1207 214 'rAcrrr
1235 179 1537 216 ANNALmM

207 303 477 351 sulerentur
525 302 638 349 totis
685 304 979 353 exercitibus
1025 318 1187 353 coram
1232 305 1573 355 dissertaturos
1611 308 1878 372 respondit.

205 373 460 436 locumque
493 370 700 435 delegit,
739 375 873 422 cuius
910 389 1022 439 pars
1062 373 1213 439 altera
1253 375 1408 424 colles
1445 384 1582 424 erant
1617 376 1882 427 clementer

206 442 524 505 adsurgentes
554 442 853 506 accipiendis
880 444 1090 509 peditum
1115 443 1384 508 ordinibuS,
1419 461 1532 510 pars
1558 447 1605 494 in
1635 446 1879 512 planitiem

147 532 188 564 15
206 510 548 578 porrigebatur
587 510 645 560 ad
678 512 991 577 explicandas
1028 514 1240 577 equitum
1275 521 1470 563 turmas.
1528 515 1700 581 dieque
1737 524 1881 581 pacto

203 584 339 647 prior
365 580 580 630 Corbulo
606 582 767 632 socias
793 582 1025 632 cohortes
1051 591 1097 631 et
1124 583 1299 633 auxilia
1322 599 1491 647 regum
1517 599 1607 650 pro
1634 585 1879 650 cornibus,

201 652 360 702 medio
387 658 572 700 sextam
596 650 844 715 legionem
871 654 1141 716 constituit,
1170 654 1244 702 cui
1271 655 1424 703 accita
1445 670 1534 719 per
1559 662 1751 704 noctem
1774 656 1880 704 aliis

204 738 267 771 ex
288 723 460 771 castris
479 721 568 769 tria
589 721 718 770 milia
740 724 1051 772 tertianorum
1071 724 1436 788 permiscuerat,
1467 739 1558 772 una
1579 718 1682 774 curn
1705 726 1881 790 aquila,

207 794 340 857 quasi
381 791 548 840 eadem
585 791 720 855 legio
757 800 1074 858 spectaretur.
1137 793 1374 842 Tiridates
1411 803 1646 857 vergente
1682 795 1773 843 iam
1803 795 1881 844 die

144 883 186 916 20
206 861 376 927 procul
413 860 620 925 adstitit,
656 862 781 911 unde
818 862 971 911 videri
1007 864 1160 926 magis
1201 878 1337 927 quam
1377 863 1524 912 audiri
1563 872 1747 929 posset.
1816 866 1881 914 ita

205 934 310 981 sine
331 946 604 995 congressu
632 931 728 981 dux
747 933 989 982 Romanus
1016 933 1282 981 abscedere
1308 933 1503 982 militem
1530 948 1613 983 sua
1641 949 1882 999 quemque

203 1004 250 1051 in
282 1009 440 1051 castra
468 1001 617 1049 iubet.

311 1073 394 1123 39.
428 1072 537 1120 Rex
571 1072 675 1119 sive
712 1072 928 1121 fraudem
976 1079 1286 1136 suspectanS,
1338 1074 1446 1136 quia
1484 1073 1622 1138 plura
1661 1072 1799 1121 simul
1833 1075 1882 1122 in

205 1143 318 1191 loca
346 1140 526 1203 ibatur,
557 1142 659 1189 sive
688 1149 736 1189 ut
768 1149 1061 1190 commeatus
1089 1149 1283 1190 nostros
1309 1141 1513 1191 Pontico
1544 1143 1661 1191 mari
1690 1149 1737 1191 et
1763 1141 1879 1191 Tra·

205 1213 419 1278 pezunte'
452 1210 634 1276 oppido
674 1210 987 1260 adventantes
1025 1213 1364 1276 interciperet,
1405 1227 1616 1277 propere
1658 1211 1880 1261 discedit.

206 1282 293 1331 sed
330 1296 486 1346 neque
515 1281 859 1330 commeatibus
890 1284 983 1330 vim
1018 1282 1185 1330 facere
1217 1283 1395 1346 potuit,
1438 1283 1547 1346 quia
1580 1297 1667 1346 per
1690 1290 1881 1330 montes

168 1351 501 1402 sducebantur
540 1351 795 1415 praesidiis
830 1354 1009 1400 nostris
1046 1352 1290 1415 inseSSOS,
1327 1359 1375 1402 et
1401 1351 1642 1415 Corbulo,
1679 1366 1739 1400 ne
1770 1353 1880 1400 inri-

202 1431 299 1471 tum
337 1420 516 1470 bellum
553 1421 824 1470 traheretur
859 1430 1004 1486 utque
1042 1421 1299 1470 Armenios
1348 1421 1404 1469 ad
1451 1437 1536 1470 sua
1577 1421 1880 1470 defendenda

205 1499 437 1555 cogeret,
465 1491 725 1541 excindere
753 1499 889 1557 parat
916 1491 1142 1554 castella,
1172 1491 1360 1556 sibique
1386 1491 1514 1556 quod
1537 1491 1880 1540 validissimum

203 1565 249 1610 in
294 1576 351 1610 ea
388 1560 727 1626 praefectura,
776 1569 1098 1626 cognomento
1134 1561 1433 1625 Volandum,
1481 1562 1643 1618 sumit;
1694 1563 1880 1610 minora

206 1631 433 1681 Cornelio
461 1631 642 1690 Flacco
680 1633 844 1695 legato
883 1640 931 1681 et
959 1631 1138 1680 Insteio
1168 1629 1390 1695 Capitoni
1431 1638 1695 1680 castrorum
1740 1644 1877 1694 prae·

151 1720 186 1751 10
205 1704 334 1750 fecto
365 1700 571 1750 mandat.
623 1710 718 1750 tum
751 1701 1116 1765 circumspectis
1152 1701 1452 1749 munimentis
1489 1707 1536 1748 et
1577 1715 1700 1764 quae
1729 1714 1877 1763 expu-

204 1772 419 1835 gnationi
457 1770 632 1820 idonea
669 1772 908 1836 provisis,
945 1771 1161 1819 hortatur
1190 1770 1365 1818 milites
1404 1777 1453 1818 ut
1486 1769 1674 1818 hostem
1707 1783 1878 1832 vagum

203 1855 362 1905 neque
395 1842 504 1904 paci
542 1849 622 1890 aut
662 1841 853 1906 proelio
882 1849 1122 1905 paratum,
1166 1840 1251 1888 sed
1289 1839 1538 1903 perfidiam
1566 1847 1613 1887 et
1638 1839 1876 1903 ignaviam

204 1912 317 1974 fuga
348 1911 654 1959 confitentem
681 1919 916 1960 exuerent
942 1910 1135 1959 sedibus
1157 1910 1441 1974 gloriaeque
1471 1910 1652 1973 pariter
1674 1917 1720 1958 et
1739 1922 1870 1973 prae·

205 1981 293 2029 dae
343 1981 670 2029 consulerent.
725 1988 821 2029 tum
868 1980 1217 2045 quadripertito
1257 1980 1472 2028 exercitu
1511 1979 1608 2028 hos
1651 1979 1697 2026 in
1731 1985 1875 2026 testu-

147 2065 187 2096 15
205 2051 360 2099 dinem
384 2051 707 2114 conglobatos
733 2051 1005 2099 subruendo
1026 2050 1155 2098 vallo
1182 2049 1391 2111 inducit,
1415 2049 1539 2097 alios
1563 2048 1721 2097 scalas
1746 2061 1876 2096 moe-

203 2119 343 2168 nibus
383 2120 671 2185 admovere,
707 2121 882 2170 multos
918 2122 1167 2169 tormentis
1208 2120 1345 2167 faces
1385 2125 1433 2166 et
1469 2117 1633 2166 hastas
1661 2119 1877 2166 incutere

202 2189 350 2238 iubet.
418 2191 716 2240 libritoribus
761 2190 1178 2253 funditoribusque
1235 2187 1485 2237 attributus
1528 2188 1696 2249 locuS‚
1752 2185 1878 2234 unde

204 2261 386 2308 eminus
414 2261 618 2323 glandes
643 2268 950 2324 torquerent,
980 2276 1040 2308 ne
1069 2257 1160 2323 qua
1191 2274 1302 2323 pars
1330 2257 1591 2306 subsidium
1618 2255 1876 2306 laboranti·

203 2329 292 2378 bus
327 2329 478 2378 ferret
513 2332 615 2393 pari
656 2331 864 2394 undique
903 2338 1047 2378 metu.
1122 2336 1278 2377 tantus
1314 2327 1425 2375 inde
1466 2327 1612 2376 ardor
1650 2325 1877 2375 certantis

145 2416 187 2449 20
206 2398 450 2447 exercitus
477 2399 587 2462 fuit,
628 2408 678 2447 ut
706 2401 828 2449 intra
859 2401 1043 2448 tertiam
1073 2399 1167 2447 diei
1197 2405 1379 2462 partem
1409 2397 1569 2445 nudati
1601 2409 1875 2461 propugna-

205 2468 390 2517 toribus
414 2470 559 2532 muri,
587 2469 755 2518 obices
784 2477 1027 2534 portarum
1055 2468 1300 2530 subversi,
1331 2475 1470 2532 capta
1500 2481 1706 2515 escensu
1729 2465 1875 2512 muni-

204 2547 361 2587 menta
394 2554 656 2603 omnesque
691 2539 900 2604 puberes
936 2537 1155 2587 trucidati
1184 2538 1303 2599 sint,
1341 2537 1474 2586 nullo
1503 2536 1652 2585 milite
1679 2535 1873 2595 amiss0,

206 2610 373 2672 paucis
407 2608 658 2658 admodum
695 2609 971 2658 vulneratis.
1043 2615 1090 2657 et
1134 2607 1315 2655 inbelle
1353 2606 1527 2671 vulgus
1562 2605 1648 2653 sub
1693 2617 1874 2652 corona

205 2678 551 2743 venundatum,
591 2679 778 2744 reliqua
814 2678 994 2743 praeda
1029 2676 1291 2726 victoribus
1323 2678 1485 2725 cessit.
1543 2674 1648 2739 pari
1681 2673 1873 2721 fortuna

144 2768 186 2799 25
205 2748 394 2810 legatus
434 2764 491 2797 ac
530 2750 807 2814 praefectus
846 2750 917 2796 usi
954 2755 1085 2810 sunt,
1126 2746 1382 2811 tribusque
1418 2760 1507 2794 una
1546 2743 1621 2792 die
1659 2741 1874 2791 castellis

206 2819 492 2880 expugnatis
533 2826 694 2868 cetera
732 2826 921 2867 terrore
959 2825 1006 2866 et
1032 2817 1122 2865 alia
1160 2824 1336 2881 sponte
1373 2814 1633 2864 incolarum
1669 2813 1715 2860 in
1742 2810 1872 2860 dedi-

204 2887 381 2935 tionem
424 2887 695 2937 veniebant.
759 2888 884 2936 unde
922 2895 1024 2936 orta
1060 2886 1230 2950 fiducia
1269 2891 1411 2951 caput
1444 2883 1603 2947 gentis
1641 2881 1872 2930 Artaxata

1967 2340 1976 2934 -·÷—÷-—vr-.-=m—-.„--‹-m„-⁴.—„—-—-—«⁴⁴ss
1974 2296 1976 2299 <
