1976 3224
630 227 804 266 menn
831 229 907 268 1v.
938 228 1060 267 CAP.
1089 227 1287 271 52—56.
1406 214 1413 219 s
1723 220 1821 271 139

159 357 343 406 senatui
381 356 667 419 legatosque
706 355 882 418 Asiae,
937 356 1234 419 ambigentes
1292 373 1492 421 quanam
1539 360 1584 405 in
1633 360 1823 408 civitate

155 425 388 490 templum
415 432 722 488 statueretur,
752 425 900 489 pluris
928 441 1015 490 per
1041 427 1143 474 dies
1171 427 1363 476 audivit.
1422 427 1658 475 undecim·
1678 428 1823 477 urbes

159 494 437 558 certabant,
472 495 575 559 pari
607 493 890 558 ambitione,
929 496 1109 544 viribus
1150 496 1386 545 diversae.
1441 512 1596 561 neque
1631 498 1823 546 multum

158 565 378 613 distantia
415 565 537 612 inter
572 579 626 612 se
663 566 989 614 memorabant
1026 566 1084 614 de
1126 573 1364 614 vetustate
1403 568 1626 629 generiS,
1665 567 1820 616 studio
1845 588 1868 621 5

156 636 205 682 in
235 633 460 698 populum
484 633 745 683 Romanum
774 648 861 697 per
884 634 1013 683 bella
1041 634 1176 683 Persi
1213 643 1260 683 et
1296 634 1560 683 Aristonici
1601 636 1821 685 aliorum-

159 718 252 768 que
288 717 470 765 regum.
540 718 704 751 verum
748 703 1033 784 Hypaepeni
1071 704 1394 768 Trallianique
1437 704 1723 753 Laodicenis
1766 721 1823 754 ac

156 772 458 836 Magnetibus
483 772 619 821 simul
647 773 851 821 tramissi
885 782 932 822 ut
978 789 1145 838 parum
1182 774 1353 830 validi;
1389 789 1448 822 ne
1482 774 1685 823 Ilienses
1722 775 1863 848 qui-

158 842 279 905 dem,
308 856 413 900 cum
442 849 689 906 parentem
712 842 842 890 urbis
867 844 1051 892 Romae
1080 843 1270 891 Troiam
1293 843 1558 906 referrent,
1590 845 1679 892 nisi
1707 846 1821 893 anti-

156 911 349 992 quitatis
380 910 536 974 gloria
567 911 830 975 pollebant.
882 912 1072 975 paulum
1098 912 1431 975 addubitatum,
1459 913 1587 976 quod
1609 913 1820 962 Halicar-
1841 929 1880 962 ιο

155 981 276 1030 nasii
303 980 432 1030 mille
459 988 507 1029 et
532 981 764 1029 ducentos
791 986 880 1045 per
910 996 1060 1031 annos
1088 981 1218 1030 nullo
1249 989 1380 1030 motu
1400 989 1559 1031 terrae
1579 985 1822 1031 nutavisse

155 1051 298 1100 sedes
338 1065 448 1098 suas
484 1052 694 1114 vivoque
730 1051 776 1098 in
813 1065 931 1099 saxo
967 1051 1270 1100 fundamenta
1306 1051 1474 1115 templi
1498 1046 1820 1101 ‘adseverave-

157 1127 276 1169 ·ant.
343 1119 672 1182 Pergamenos
711 1121 808 1185 (eo
847 1121 956 1184 ipso
996 1121 1300 1185 nitebantur)
1341 1121 1460 1170 aede
1494 1121 1716 1184 Augusto
1758 1120 1821 1169 ibi

154 1191 244 1238 sita
273 1190 386 1237 satis
413 1189 615 1253 adeptos
644 1188 890 1238 creditum.
947 1189 1147 1253 Ephesii
1173 1190 1462 1255 Milesiique,
1487 1191 1534 1239 hi
1560 1191 1819 1255 Apollinis,

157 1259 225 1308 illi
250 1258 431 1306 Dianae
462 1259 752 1308 caerimonia
779 1259 1101 1322 occupavisse
1129 1261 1348 1308 civitates
1378 1261 1479 1307 visi.
1542 1262 1605 1308 ita
1630 1259 1817 1309 S‘ardia-
1838 1273 1878 1306 15

155 1342 243 1376 nos
292 1328 414 1375 inter
456 1327 848 1392 Zmyrnaeosque
896 1328 1225 1377 deliberatum.
1311 1328 1528 1378 Sardiani
1579 1329 1823 1378 decretum

155 1396 376 1445 Etruriae
402 1398 674 1446 recitavere
700 1404 749 1445 ut
773 1399 1143 1460 consanguinei:
1172 1413 1278 1446 nam
1305 1398 1602 1459 Tyrrhenum
1621 1399 1821 1459 Lydum-

155 1481 248 1531 que
275 1465 401 1526 Atye
426 1481 547 1530 rege
577 1467 767 1530 genitos
792 1466 853 1516 ob
881 1467 1222 1516 multitudinem
1242 1467 1465 1516 divisisse
1486 1475 1708 1531 gentem;
1733 1468 1821 1527 Ly-

155 1535 262 1584 dum
289 1537 453 1599 patriis
473 1537 521 1585 in
546 1538 687 1585 terris
717 1535 977 1599 resedisse,
1006 1537 1256 1598 Tyrrheno
1284 1537 1441 1586 datum
1467 1551 1620 1585 novas
1641 1544 1690 1585 ut
1711 1551 1821 1585 con·

154 1605 290 1654 deret
316 1604 484 1662 sedes;
525 1613 571 1654 et
598 1605 768 1655 ducum
798 1621 823 1654 e
848 1607 1117 1655 nominibus
1148 1606 1291 1655 indita
1331 1606 1566 1655 vocabula
1599 1606 1696 1655 illis
1715 1607 1822 1670 'per
1838 1626 1880 1659 20

153 1674 342 1737 Asiam,
378 1675 451 1724 his
477 1676 523 1723 in
546 1674 710 1732 Italia;
752 1683 1033 1740 auctamque
1068 1676 1222 1724 adhuc
1257 1675 1494 1737 Lydorum
1534 1675 1824 1739 opulentiam

152 1745 310 1793 missis
329 1745 377 1792 in
405 1743 655 1794 Graeciam
677 1745 888 1809 populiS,
917 1747 990 1794 cui
1020 1760 1132 1794 mox
1161 1760 1186 1794 a
1210 1745 1394 1810 Pelope
1423 1759 1613 1793 nomen.
1687 1745 1823 1793 simul

153 1814 319 1863 literas
344 1813 684 1877 imperatorum
721 1822 768 1863 et
802 1815 897 1864 icta
928 1815 1175 1865 nobiscum
1211 1815 1412 1863 foedera
1440 1814 1573 1863 bello
1598 1813 1822 1863 Macedo-

154 1897 264 1930 num
299 1881 663 1946 ubertatemque
708 1884 946 1932 fluminum
992 1899 1210 1947 suorum,
1266 1885 1547 1947 temperiem
1594 1883 1717 1932 caeli
1766 1898 1824 1932 ac

155 1951 277 1999 dites
306 1952 486 1999 circum
513 1959 668 2000 terras
694 1952 1036 2002 memorabant.
1835 1971 1877 2003 25

261 2020 346 2070 56.
381 2019 446 2070 At
479 2020 730 2082 Zmyrnaei
770 2024 976 2086 repetita
1017 2028 1282 2084 vetustate,
1324 2036 1409 2069 seu
1450 2021 1677 2070 Tantalus
1706 2021 1823 2070 Iove

157 2096 291 2139 ortus
324 2089 453 2154 illos,
477 2091 582 2139 sive
610 2090 827 2140 Theseus
856 2090 1014 2140 divina
1043 2099 1090 2140 et
1115 2093 1221 2155 ipse
1251 2091 1416 2154 stirpe,
1443 2091 1546 2138 sive
1567 2106 1657 2139 una
1682 2090 1821 2140 Ama-

156 2173 324 2207 zonum
353 2159 671 2222 condidisset,
704 2160 1047 2209 transcendere
1075 2160 1132 2209 ad
1161 2175 1215 2208 ea
1247 2160 1351 2223 quis
1379 2160 1582 2208 maxime
1616 2159 1824 2209 lidebant

155 2229 202 2276 in
227 2228 453 2292 populum
478 2229 742 2279 Romanum
771 2229 976 2293 officiis,
1000 2231 1142 2278 missa
1174 2229 1329 2277 navali
1369 2229 1508 2291 copia
1546 2243 1643 2278 non
1678 2229 1821 2278 modo

156 2305 353 2346 externa
379 2298 437 2347 ad
464 2298 607 2362 bella,
633 2299 719 2348 sed
746 2314 867 2363 quae
906 2299 951 2346 in
981 2299 1114 2348 Italia
1153 2297 1502 2352 tolerabantur;
1539 2314 1691 2363 seque
1725 2300 1819 2363 pri·
1842 2316 1862 2347 5

154 2381 259 2415 mos
298 2368 525 2434 templum
558 2367 688 2417 urbis
737 2369 921 2418 Romae
969 2370 1220 2430 statuisse,
1272 2367 1335 2417 M.
1380 2367 1555 2416 Porcio
1607 2368 1822 2429 consule,

154 2437 339 2499 maguis
361 2437 552 2500 quidem
579 2438 670 2487 iam
701 2438 870 2502 populi
897 2438 1098 2488 Romani
1123 2437 1294 2501 rebuS,
1336 2436 1540 2485 nondum
1581 2445 1736 2486 tamen
1764 2436 1824 2485 ad

156 2519 381 2554 summum
428 2506 596 2570 elatiS,
647 2515 801 2556 stante
844 2507 996 2556 adhuc
1040 2507 1218 2556 Punica
1269 2505 1386 2555 urbe
1426 2514 1473 2554 et
1519 2506 1688 2554 validis
1735 2521 1822 2570 per

157 2573 319 2623 Asiam
350 2575 563 2639 regibus.
619 2576 755 2624 simul
786 2577 836 2624 L.
863 2577 1042 2625 Sullam
1078 2584 1251 2625 testem
1286 2575 1596 2637 adferebant,
1638 2576 1820 2636 gravis-

158 2645 275 2693 simo
305 2645 351 2692 in
380 2645 652 2694 discrimine
680 2648 923 2694 exercitus
950 2645 1011 2694 ob
1039 2647 1349 2709 asperitatem
1384 2643 1554 2690 hiemis
1591 2651 1638 2691 et
1674 2658 1820 2707 penu·
1841 2660 1880 2693 10

157 2714 270 2761 riam
291 2717 456 2776 vestis,
481 2714 643 2763 cumid
655 2714 904 2775 Zmyrnam
922 2716 966 2762 in
982 2715 1252 2763 contionem
1272 2714 1537 2777 nuntiatum,
1553 2711 1698 2774 foret,
1722 2726 1820 2760 om-

158 2795 244 2830 nes
271 2784 347 2846 qui
379 2783 626 2833 adstabant
651 2783 920 2832 detraxisse
953 2784 1148 2847 corpori
1185 2783 1392 2844 tegmina
1435 2782 1712 2845 nostrisque
1751 2781 1818 2829 le-

160 2850 378 2911 gionibus
414 2855 615 2902 misisse.
686 2855 749 2901 ita
797 2854 954 2914 rogati
999 2853 1278 2899 sententiam
1324 2858 1483 2913 patres
1526 2850 1819 2911 Zmyrnaeos

172 2922 458 2981 praetulere.
513 2925 790 2987 censuitque
817 2921 984 2971 Vibius
1011 2921 1224 2982 MarsuS,
1255 2927 1301 2967 ut
1325 2920 1404 2968 Μ’.
1432 2919 1630 2984 Lepido,
1662 2921 1736 2968 cui
1764 2934 1822 2969 ea
