1976 3224
250 190 354 240 252
698 198 974 238 CORNELII
996 197 1191 236 ΤΑΟΠῚ
1211 197 1516 235 ANNALmu

253 330 564 392 octingentos
601 336 648 377 et
685 327 999 393 quadraginta
1041 333 1150 375 ante
1187 340 1340 375 annos
1376 325 1510 375 Remi
1546 325 1831 391 Romulique
1857 329 1931 376 in·

251 399 445 448 fantiam
472 405 687 462 texerat,
711 399 912 446 mortuis
937 395 1198 446 ramalibus
1225 403 1272 444 et
1299 403 1555 445 arescente
1579 403 1751 461 trunco
1780 397 1930 446 demi-

252 476 410 518 nutam
449 468 658 533 prodigii
695 468 808 517 loco
845 466 1055 516 habitum
1083 473 1185 528 est,
1215 465 1374 514 donec
1398 466 1444 514 in
1469 480 1624 515 novos
1648 466 1775 515 fetus
1801 468 1929 516 revi-

210 560 232 593 5
253 546 497 587 vesceret.

588 910 1147 978 CORNELII
1202 910 1590 978 TACITI

663 1053 739 1106 AB
784 1050 1036 1105 EXCESSU
1081 1051 1201 1103 D1v1
1248 1050 1498 1105 AUGUSTI

469 1180 559 1263 'A
650 1183 724 1263 N
813 1184 886 1301 N
974 1186 1048 1262 A
1136 1184 1206 1263 L
1295 1184 1337 1262 I
1424 1185 1500 1262 U
1587 1185 1677 1264 M

846 1331 1117 1394 LIBER
1158 1342 1329 1394 XIV.

242 1601 598 1644 BREVIARIUM.
649 1602 748 1656 Cap.
777 1603 814 1644 1.
868 1603 977 1644 Nero
1015 1606 1160 1644 matris
1199 1605 1367 1644 caedem
1411 1605 1540 1657 agitat
1583 1603 1779 1644 incitante
1811 1604 1923 1658 Pop-

299 1671 422 1713 paea.
475 1659 516 1700 2.
543 1660 782 1714 Agrippina
806 1661 1010 1702 incestum
1040 1669 1191 1708 tentat;
1221 1674 1271 1700 an
1303 1661 1412 1700 Nero
1433 1661 1602 1713 potius?
1646 1659 1686 1701 3.
1710 1659 1771 1700 De
1793 1661 1923 1702 caede

301 1717 446 1756 matris
481 1716 684 1757 deliberat
709 1716 837 1758 Nero.
884 1718 1049 1759 Aniceti
1081 1719 1317 1759 consilium.
1355 1719 1396 1758 4.
1433 1718 1695 1771 Agrippinae
1721 1729 1816 1758 cum
1835 1717 1919 1758 Ne-

303 1785 404 1813 rone
439 1773 576 1814 scelus
609 1774 770 1814 celante
806 1775 1061 1818 convivium.
1127 1775 1169 1816 5.
1200 1775 1304 1816 Mari
1335 1774 1568 1828 mergenda
1599 1786 1727 1828 aegre
1764 1775 1919 1815 evadit.

302 1830 534 1870 Acerronia
564 1831 691 1871 remis
727 1831 958 1873 conficitur.
1017 1831 1058 1874 6.
1093 1833 1334 1887 Agrippina
1362 1831 1614 1874 dissimulat.
1665 1832 1706 1874 7.
1731 1830 1773 1873 8.
1806 1830 1920 1872 Nero

302 1887 505 1940 trepidat,
536 1899 629 1927 cum
660 1887 794 1929 Burro
821 1896 860 1929 et
897 1887 1056 1930 Seneca
1079 1890 1294 1931 deliberat.
1339 1889 1542 1929 Anicetus
1569 1889 1740 1929 caedem
1760 1889 1919 1943 Agrip·

300 1945 426 1998 pinae
457 1946 634 1999 suscipit
671 1953 712 1987 et
746 1952 974 2000 perpetrat.
1034 1947 1075 1989 9.
1113 1947 1378 2000 Agrippinae
1410 1945 1516 1987 viles
1551 1947 1793 1999 exsequiae.
1846 1945 1918 1986 10.

301 2001 410 2043 Nero
437 2003 696 2043 conscientia
714 2015 889 2044 vaecors
916 2004 1157 2045 adulatione
1180 2004 1369 2057 erigitur.
1433 2003 1499 2043 11.
1532 2003 1684 2044 Literis
1715 2003 1766 2043 ad
1793 2014 1921 2044 sena-

301 2069 388 2099 tum
415 2066 589 2100 matrem
617 2062 741 2100 etiam
768 2067 865 2115 post
892 2060 977 2101 fata
1001 2062 1257 2102 criminatur.
1313 2061 1379 2102 12.
1413 2059 1592 2101 Senatus
1613 2061 1790 2114 turpiter
1812 2060 1915 2100 adu·

299 2117 423 2156 latur.
475 2115 663 2158 Thrasea
691 2118 846 2158 Paetus
873 2118 1010 2159 virum
1033 2131 1080 2160 se
1102 2124 1305 2172 praestat.
1350 2118 1461 2159 Nero
1487 2118 1587 2157 mite
1610 2116 1828 2171 ingenium
1851 2116 1916 2156 af·-

301 2173 440 2213 fectat.
495 2172 562 2215 13.
593 2173 745 2216 Urbem
771 2175 898 2215 intrat
920 2176 1102 2224 anxius;
1145 2175 1368 2216 blanditias
1395 2180 1595 2228 expertus
1629 2175 1670 2215 in
1698 2185 1843 2214 omnes
1865 2173 1915 2213 li-

298 2230 463 2271 bidines
491 2243 537 2272 se
561 2232 750 2272 effundit.
813 2232 878 2272 14.
908 2231 1208 2282 Citharoedus,
1235 2234 1405 2287 auriga,
1434 2231 1597 2273 nobiles
1617 2231 1669 2271 ad
1694 2231 1812 2285 paria
1839 2231 1911 2270 ila·

299 2288 403 2340 gitia
429 2288 575 2342 adigit.
630 2288 696 2329 15.
728 2290 955 2331 Iuvenalia.
1006 2289 1116 2330 Nero
1140 2290 1184 2329 in
1207 2301 1373 2330 scaena.
1419 2289 1710 2342 Augustianos
1731 2289 1915 2329 conscri-

298 2345 371 2384 bit.
439 2344 507 2387 16.
547 2345 742 2386 Carmina
777 2349 938 2400 pangit.
1001 2346 1284 2400 Philosophos
1319 2347 1441 2387 ridet.
1497 2347 1565 2387 17.
1616 2345 1776 2387 Caedes
1808 2345 1916 2384 inter

299 2400 532 2442 Nucerinos
552 2408 592 2443 et
611 2403 891 2457 Pompeianos
914 2404 1133 2444 occasione
1155 2403 1394 2457 gladiatorii
1417 2403 1658 2457 spectaculi.
1705 2402 1772 2444 18.
1793 2401 1913 2441 Blae-

299 2471 371 2499 sus
399 2458 636 2503 damnatur.
687 2459 836 2501 Strabo
861 2461 1103 2502 absolvitur.
1157 2459 1223 2501 19.
1265 2460 1376 2501 Mors
1399 2460 1570 2501 Domitii
1598 2458 1711 2508 Afri,
1733 2458 1787 2499 M.
1816 2457 1914 2498 Ser-

298 2516 401 2555 vilii.
455 2515 525 2558 20.
557 2515 875 2570 Quinquennale
909 2517 1116 2558 ludicrum
1150 2517 1321 2558 Romae.
1388 2517 1519 2558 Varia
1558 2516 1611 2557 de
1639 2515 1749 2556 ludis
1775 2513 1912 2562 fama;

296 2585 440 2613 eorum
466 2574 692 2627 vituperia,
722 2574 791 2615 21.
821 2574 967 2616 laudes
995 2581 1036 2616 et
1061 2575 1291 2617 excusatio.
1343 2574 1453 2616 Nero
1481 2573 1743 2626 eloquentiae
1763 2572 1910 2612 victor.

295 2631 364 2670 22.
405 2631 614 2672 Portentis
647 2638 881 2672 commotus
914 2632 1152 2673 Rubellium
1187 2633 1232 2672 in
1261 2632 1436 2674 exilium
1462 2632 1564 2686 agit.
1620 2628 1691 2671 23.
1732 2628 1912 2670 Corbulo

296 2687 537 2729 Mardorum
573 2689 791 2730 latrocinia
822 2690 957 2743 punit.
1012 2690 1084 2733 24,
1116 2688 1415 2730 Percussorem
1452 2689 1576 2736 vitat;
1611 2685 1912 2740 Tigranocerta

297 2744 421 2798 capit.
476 2745 546 2785 25.
579 2744 794 2798 Hyrcanos
819 2747 861 2786 in
886 2748 1129 2787 societatem
1148 2747 1310 2800 recipit.
1371 2746 1440 2788 26.
1474 2743 1689 2784 Tiridaten
1717 2749 1830 2783 arcet
1858 2741 1910 2782 ab

296 2801 513 2853 Armenia,
542 2814 667 2854 quam
687 2802 814 2843 tradit
831 2803 1021 2857 Tigrani.
1066 2803 1213 2856 Syriae
1234 2803 1488 2857 praeficitur.
1536 2801 1605 2841 27.
1631 2799 1808 2848 Puteoli,
1829 2799 1889 2839 Ta

293 2865 476 2909 rentum,
499 2859 673 2899 Antium
694 2860 896 2900 coloniae.
942 2860 1012 2903 28.
1042 2860 1217 2902 Comitia
1238 2860 1461 2914 praetoria.
1502 2857 1650 2898 Vibius
1671 2857 1907 2897 damnatus.

295 2914 363 2954 29.
393 2915 542 2956 Clades
571 2916 824 2959 Britannica.
873 2916 1098 2959 Suetonius
1124 2917 1291 2957 Monam
1316 2915 1488 2956 invadit.
1541 2913 1610 2955 30.
1643 2914 1806 2955 Incolas
1831 2913 1906 2952 do-
