1976 3224
252 192 351 244 188
666 203 939 241 CORNELII
974 202 1167 240 TACITI
1203 203 1506 241 ANNALwM

246 331 387 380 miles
426 332 571 379 otium
609 338 836 392 exueret,
874 332 998 379 inter
1025 330 1213 380 Mosam
1245 331 1560 396 Rhenumque
1595 333 1734 381 trium
1772 340 1820 382 et
1857 334 1926 382 vi-

248 402 367 465 ginti
399 401 575 449 milium
607 402 763 465 spatio
800 401 981 449 fossam
1009 400 1262 465 perduxit,
1304 417 1397 465 qua
1435 403 1618 451 incerta
1650 401 1831 452 Oceani
1858 403 1926 451 vi-

247 477 482 520 tarentur.
542 471 749 533 insignia
780 478 940 519 tamen
979 470 1203 535 triumphi
1239 469 1433 520 indulsit
1460 470 1672 535 Caesar,
1711 474 1930 538 quamvis

246 540 429 589 bellum
457 541 759 603 negavisset.

190 629 233 662 10
353 610 460 659 Nec
484 610 633 658 multo
673 617 785 674 post
813 609 1004 658 Curtius
1029 609 1183 659 Rufus
1211 609 1413 658 eundem
1441 609 1676 661 honorem
1704 611 1928 676 adipisci-

247 687 352 742 tur,
393 681 473 744 qui
497 682 543 729 in
575 694 696 742 agro
717 680 942 729 Mattiaco
969 680 1239 728 recluserat
1272 695 1450 744 specus
1477 681 1767 745 quaerendis
1793 681 1931 730 veinis

249 751 459 813 argenti;
497 748 624 798 unde
650 751 806 798 tenuis
827 750 1012 798 fructus
1036 765 1127 798 nec
1154 751 1202 797 in
1228 749 1423 813 longum
1442 751 1554 801 fuit:
1583 759 1629 801 at
1653 752 1930 816 legionibus

249 834 357 868 cum
387 818 560 869 damno
589 817 756 882 labor,
784 818 1003 869 effodere
1028 822 1192 881 τίνος,
1221 835 1442 884 quaeque
1468 822 1516 868 in
1543 830 1713 886 aperto
1741 823 1929 885 gravia,

246 889 437 938 humum
464 889 588 938 infra
615 889 791 939 moliri.
845 891 950 953 quis
983 889 1211 939 subactus
1238 890 1405 952 mileti,
1438 898 1485 939 et
1511 893 1619 955 quia
1647 892 1812 956 plures
1841 907 1930 956 per

190 975 232 1008 15
254 960 533 1023 provincias
579 959 751 1008 similia
797 958 1154 1022 tolerabantur,
1213 962 1458 1023 componit
1506 961 1724 1010 occultas
1760 961 1930 1010 literas

247 1030 440 1078 nomine
467 1030 797 1092 exercituum,
824 1031 1123 1092 precantium
1153 1031 1493 1093 imperatorem
1520 1037 1593 1096 ut,
1623 1031 1794 1096 quibus
1818 1046 1929 1100 per-

246 1100 478 1147 missurus
507 1105 641 1147 esset
669 1100 946 1160 exercituS,
973 1099 1278 1163 triumphalia
1305 1107 1412 1149 ante
1441 1100 1692 1150 tribueret.

276 1178 279 1180 ’
355 1169 439 1217 21.
477 1168 552 1216 De
580 1170 771 1232 origine
795 1167 945 1217 Curtii
966 1170 1093 1232 Rufi,
1122 1184 1265 1234 quem
1290 1169 1561 1231 gladiatore
1589 1173 1802 1234 genitum
1828 1172 1925 1234 qui-

248 1239 356 1288 dam
384 1237 672 1303 prodidere,
702 1253 860 1302 neque
890 1238 1013 1288 falsa
1045 1241 1368 1304 prompserim
1395 1248 1442 1288 et
1468 1256 1584 1289 vera
1611 1242 1815 1304 exsequi
1844 1255 1927 1304 pu-

247 1309 345 1358 det.
397 1316 654 1372 postquam
685 1308 928 1370 adolevit,
973 1317 1190 1358 sectator
1226 1312 1497 1374 quaestoris
1539 1312 1612 1359 cui
1640 1309 1809 1359 Africa
1845 1309 1928 1358 ob-

244 1381 455 1442 tigerat,
505 1377 612 1426 dum
659 1379 707 1426 in
745 1378 926 1443 oppido
966 1378 1233 1428 Adrumeto
1264 1382 1431 1429 vacuis
1469 1396 1557 1445 per
1591 1379 1796 1429 medium
1835 1379 1929 1428 diei

210 1447 516 1514 sporticibus
544 1456 765 1497 secretus
793 1451 970 1512 agitat,
1014 1448 1177 1499 oblata
1211 1450 1257 1497 ei
1295 1452 1490 1514 species
1525 1449 1774 1499 muliebris
1805 1449 1929 1498 ultra

243 1517 434 1568 modum
480 1517 732 1567 humanum
778 1527 824 1568 et
864 1518 1021 1568 audita
1058 1527 1133 1568 est
1170 1535 1268 1569 vox
1314 1524 1393 1568 ‘tu
1432 1536 1513 1581 eS,
1548 1521 1710 1581 Rufe,
1758 1522 1836 1584 qui
1880 1521 1927 1567 in

242 1589 370 1638 hanc
410 1590 711 1652 provinciam
750 1603 840 1653 pro
879 1589 1080 1638 consule
1115 1591 1323 1638 venies?
1386 1590 1467 1638 tali
1506 1591 1662 1639 omine
1707 1591 1754 1637 in
1792 1604 1928 1653 spem

246 1658 461 1709 sublatus
497 1658 866 1723 degressusque
894 1661 941 1707 in
965 1659 1132 1708 urbem
1168 1658 1428 1722 largitione
1465 1661 1749 1722 amicorum,
1789 1658 1928 1708 simul

246 1729 347 1778 acri
388 1729 585 1790 ingenio
635 1736 942 1791 quaesturam
988 1737 1035 1777 et
1081 1743 1195 1778 mox
1236 1728 1427 1778 nobiles
1470 1731 1595 1778 inter
1643 1728 1926 1778 candidatos

184 1817 226 1851 10
246 1804 518 1862 praeturam
556 1798 794 1861 principis
832 1798 1066 1861 suffragio
1104 1799 1410 1863 adsequitur,
1459 1814 1564 1848 cum
1587 1798 1724 1848 hisce
1762 1799 1927 1848 verbis

246 1868 468 1917 Tiberius
514 1866 727 1916 dedecus
772 1867 998 1916 natalium
1035 1871 1137 1918 eius
1175 1869 1469 1918 velavisset:
1513 1867 1728 1918 ‘Curtius
1773 1869 1927 1918 Rufus

245 1937 435 1986 videtur
460 1936 575 1985 mihi
606 1952 667 1985 ex
704 1952 758 1985 se
787 1942 962 1987 natus.'
1013 1938 1160 2002 longa
1199 1946 1311 2004 post
1347 1938 1472 1988 haec
1502 1946 1728 2002 senecta,
1762 1946 1810 1987 et
1846 1938 1925 1987 ad-

245 2022 417 2056 versus
444 2007 723 2070 superiores
751 2009 874 2056 tristi
901 2008 1194 2071 adulatione,
1221 2008 1462 2072 adrogans
1487 2008 1777 2070 minoribuS,
1802 2011 1928 2057 inter

245 2092 391 2143 pares
435 2075 678 2139 difficilis,
725 2078 981 2127 consulare
1027 2080 1305 2143 imperium,
1350 2078 1574 2144 triumphi
1617 2080 1825 2141 insignia
1868 2092 1926 2126 ac

188 2165 228 2198 15
245 2154 496 2212 postremo
523 2145 739 2195 Africam
775 2147 1000 2205 obtinuit;
1043 2156 1184 2213 atque
1223 2148 1288 2197 ibi
1327 2148 1579 2197 defunctus
1607 2147 1756 2197 fatale
1784 2163 1923 2212 prae-

244 2219 430 2280 sagium
456 2217 690 2280 implevit.

350 2286 433 2333 22.
475 2285 667 2334 Interea
702 2287 918 2349 Romae,
970 2287 1114 2336 nullis
1152 2287 1310 2351 palam
1358 2303 1518 2351 neque
1567 2289 1776 2351 cognitis
1812 2302 1926 2336 mox

245 2355 434 2415 causiS,
468 2354 554 2403 Cn.
587 2355 771 2403 Nonius
799 2371 950 2419 eques
976 2357 1222 2405 Romanus
1250 2358 1381 2405 ferro
1408 2358 1657 2405 accinctus
1684 2356 1925 2421 reperitur

246 2426 293 2473 in
322 2431 466 2473 coetu
504 2424 788 2473 salutantum
830 2427 1115 2489 principem.
1163 2440 1271 2475 nam
1299 2433 1555 2490 postquam
1579 2427 1830 2475 tormentis
1856 2425 1920 2474 di-

244 2494 542 2555 laniabatur,
571 2493 630 2542 de
652 2509 704 2542 se
726 2508 821 2542 non
848 2495 1100 2559 infitiatus
1122 2497 1349 2545 conscios
1375 2510 1470 2545 non
1492 2496 1664 2559 edidit,
1690 2498 1924 2544 incertum

207 2588 227 2620 5
249 2580 308 2613 an
338 2564 605 2612 occultans.

332 2633 509 2682 isdem
547 2633 825 2682 consulibus
861 2634 913 2683 P.
938 2634 1195 2684 Dolabella
1230 2637 1415 2684 censuit
1454 2634 1782 2700 spectaculum
1820 2634 1921 2697 gla-

247 2704 481 2752 diatorum
522 2719 609 2767 per
646 2719 813 2752 omnes
847 2719 999 2754 annos
1043 2704 1383 2754 celebrandum
1415 2705 1618 2770 pecunia
1652 2718 1816 2751 eorum
1843 2703 1923 2767 qui

249 2780 554 2836 quaesturam
590 2772 990 2837 adipiscerentur.
1061 2774 1186 2839 apud
1222 2777 1431 2824 maiores
1472 2775 1657 2822 virtutis
1697 2773 1743 2820 id
1779 2788 1920 2838 prae-

247 2841 387 2888 mium
429 2843 612 2904 fuerat,
658 2845 941 2907 cunctisque
985 2846 1184 2906 civium,
1239 2846 1279 2893 si
1315 2844 1456 2893 bonis
1486 2842 1666 2891 artibus
1701 2842 1920 2904 fiderent,

190 2908 429 2958 inlicitum
459 2920 628 2974 petere
663 2914 997 2974 magistratus3
1040 2928 1097 2961 ac
1123 2929 1182 2961 ne
1221 2921 1353 2962 aetas
1381 2912 1571 2977 quidem
1598 2911 1919 2976 distingueba-
