1976 3224
207 139 307 191 168
641 150 917 190 commnn
939 153 1134 192 TACJTI
1153 155 1460 193 ANNALIUM

202 278 289 332 sub
318 294 413 343 quo
441 279 625 343 legioni
654 281 957 345 praefuerat,
987 282 1253 346 periculum
1277 283 1504 347 facessit,
1549 284 1678 350 quod
1716 287 1756 334 is
1790 287 1878 335 Se-
1924 322 1934 333 ,

200 351 292 399 iani
331 349 472 397 filium
508 364 740 412 generum
779 351 1096 414 destinasset,
1134 352 1258 400 ultro
1298 351 1543 403 damnatur
1577 363 1720 419 atque
1759 356 1880 405 urbe

202 421 424 483 exigitur.
482 419 758 469 Gaetulicus
785 435 839 470 ea
867 428 1155 486 tempestate
1184 424 1451 487 superioris
1487 424 1769 475 Germaniae
1809 426 1875 475 le·

200 493 375 554 giones
426 489 624 539 curabat
669 491 933 555 mirumque
983 506 1195 540 amorem
1232 493 1489 542 adsecutus
1529 501 1657 558 erat,
1695 495 1879 544 effusae

147 583 183 616 ιο
203 561 514 623 clementiae,
542 559 761 609 modicus
791 562 1050 609 severitate
1077 569 1123 609 et
1148 564 1370 626 proximo
1408 579 1600 629 quoque
1642 565 1879 614 exercitui

200 646 290 696 per
320 630 372 679 L.
402 629 670 694 Apronium
701 645 926 679 socerum
949 645 1046 679 non
1073 633 1305 694 ingratuS.
1351 634 1477 682 unde
1503 635 1628 683 fama
1652 643 1877 684 constans

202 715 364 751 ausum
389 702 579 748 mittere
607 700 665 749 ad
695 699 954 749 Caesarem
982 701 1174 764 literas,
1202 702 1491 752 adfinitatem
1531 703 1621 752 sibi
1658 720 1762 753 cum
1789 705 1874 753 Se·

200 774 308 821 iano
332 770 456 819 haud
483 778 656 835 sponte
695 771 782 819 sed
818 770 1023 819 consilio
1063 770 1243 820 Tiberii
1286 780 1536 837 coeptam;
1581 774 1782 838 perinde
1822 789 1879 823 se

202 856 341 906 quam
369 841 611 889 Tiberium
636 840 738 889 falli
766 842 1002 905 potuisse,
1031 857 1187 905 neque
1213 857 1428 891 errorem
1459 843 1658 892 eundem
1677 843 1747 892 illi
1773 844 1875 892 sine

147 933 183 965 15
200 911 387 974 fraude,
420 911 524 959 aliis
552 911 699 959 exitio
725 910 1010 959 habendum.
1059 911 1150 959 sibi
1176 912 1315 960 fidem
1343 913 1578 976 integram
1605 921 1676 976 et,
1706 915 1745 962 si
1773 913 1874 962 nul-

200 983 259 1031 lis
299 981 480 1030 insidiis
517 987 791 1046 peteretur,
841 996 1110 1030 mansuram
1125 1001 1135 1039 ;
1197 997 1533 1031 successorem
1585 997 1680 1032 non
1735 983 1877 1032 aliter

203 1067 341 1117 quam
378 1051 602 1100 indicium
636 1053 804 1099 mortis
843 1058 1171 1114 accepturum.
1237 1053 1475 1100 firmarent
1513 1052 1645 1118 velut
1683 1053 1873 1117 foeduS,

202 1137 296 1188 quo
330 1123 560 1186 princeps
597 1128 863 1169 ceterarum
899 1135 1060 1169 rerum
1103 1129 1377 1186 poteretur,
1425 1122 1532 1186 ipse
1575 1124 1875 1187 provinciam

200 1194 447 1241 retineret.
514 1191 663 1253 haec,
705 1192 822 1239 mira
861 1206 1168 1255 quamquam,
1209 1189 1349 1238 fidem
1390 1206 1452 1240 ex
1500 1206 1560 1240 eo
1604 1192 1873 1256 trahebant,

142 1263 331 1327 20q110d
356 1276 475 1310 unus
507 1262 710 1310 omnium
750 1262 911 1310 Seiani
945 1261 1165 1309 adfinium
1199 1259 1452 1310 incolumis
1485 1261 1728 1326 multaque
1763 1277 1873 1326 gra·

201 1335 262 1382 tia
289 1333 477 1394 mansit,
503 1339 756 1395 reputante
785 1331 981 1380 Tiberio
1010 1329 1250 1393 publicum
1277 1329 1366 1378 sibi
1393 1330 1578 1393 odium,
1614 1340 1871 1383 extremam

202 1410 407 1453 aetatem
431 1403 682 1465 magisque
710 1402 833 1450 fama
867 1414 1002 1465 quam
1028 1401 1075 1447 vi
1104 1406 1232 1448 stare
1263 1415 1344 1448 res
1369 1416 1497 1450 suas.

142 1481 190 1525 31
304 1472 385 1522 37.
433 1471 488 1521 G.
532 1470 696 1520 Cestio
737 1472 800 1522 M.
839 1468 1046 1520 Servilio
1083 1469 1364 1519 consulibus
1400 1470 1589 1520 nobiles
1626 1471 1785 1521 Parthi
1827 1473 1874 1520 in

202 1543 368 1592 urbem
412 1557 620 1604 venere,
660 1543 828 1604 ignaro
864 1553 984 1600 rege
1018 1539 1284 1588 Artabano.
1354 1542 1394 1589 is
1436 1536 1564 1590 metu
1605 1541 1875 1591 Germanici

202 1614 321 1663 fidus
346 1612 610 1674 vRomaniS,
647 1608 907 1672 aequabilis
945 1611 990 1656 in
1028 1623 1170 1672 suOS‚
1207 1623 1322 1657 mox
1358 1611 1632 1675 superbiam
1678 1612 1724 1658 in
1766 1626 1872 1675 nos,

203 1684 452 1733 saevitiam
480 1684 524 1729 in
559 1681 817 1746 populares
843 1679 1070 1743 sumpsit,
1109 1679 1262 1727 fretus
1287 1679 1455 1743 hellis,
1494 1696 1615 1744 quae
1657 1680 1871 1730 secunda

159 1783 177 1814 5
201 1754 454 1804 adversum
494 1749 821 1806 circumiectas
862 1749 1083 1796 nationes
1120 1757 1437 1812 exercuerat,
1488 1757 1536 1798 et
1573 1757 1871 1800 senectutem

128 1836 130 1838 ’
203 1820 380 1870 Tiberii
410 1827 459 1868 ut
484 1822 710 1865 inermem
738 1818 1012 1882 despiciens
1050 1818 1315 1883 avidusque
1354 1819 1640 1883 Armeniae,
1678 1821 1751 1869 cui
1790 1820 1871 1869 de·

199 1892 364 1940 functo
400 1902 519 1951 rege
552 1887 752 1936 Artaxia
790 1888 1011 1937 Arsacen
1049 1888 1311 1938 liberorum
1350 1904 1540 1939 suorum
1567 1891 1871 1939 veterrimum

197 1959 429 2025 inposuit,
475 1957 632 2007 addita
674 1958 963 2007 contumelia
1003 1966 1049 2007 et
1085 1959 1244 2008 missis
1283 1961 1360 2024 qui
1394 1975 1564 2023 gazam
1603 1975 1630 2010 a
1664 1961 1872 2010 Vonone

197 2031 415 2080 relictam
448 2028 493 2075 in
525 2028 661 2076 Suria
693 2027 956 2093 Ciliciaque
988 2037 1332 2094 reposcerent,
1371 2030 1508 2078 simul
1536 2037 1729 2078 veteres
1757 2022 1869 2079 Per-

141 2125 180 2157 10
197 2114 353 2149 sarum
394 2113 452 2146 ac
482 2098 800 2147 Macedonum
842 2099 1096 2162 terminOS,
1135 2115 1286 2164 seque
1325 2101 1595 2149 invasurum
1638 2114 1895 2164 possessa

199 2169 396 2234 primum
425 2166 553 2229 Cyro
581 2176 628 2217 et
668 2175 779 2233 post
806 2168 1085 2218 Alexandro
1125 2185 1214 2234 per
1253 2170 1657 2234 vaniloquentiam
1694 2184 1750 2219 ac
1785 2171 1868 2218 mi-

196 2254 280 2287 nas
312 2238 534 2287 iaciebat.
590 2239 675 2287 sed
702 2239 887 2288 Parthis
913 2239 1128 2288 mittendi
1154 2247 1373 2288 secretos
1411 2241 1600 2289 nuntios
1633 2239 1868 2288 validissi-

194 2323 297 2356 mus
325 2315 492 2356 auctor
517 2308 604 2356 fuit
634 2310 892 2372 SinnaceS,
929 2310 1105 2371 insigni
1131 2309 1306 2359 familia
1346 2325 1402 2359 ac
1437 2309 1637 2374 perinde
1675 2309 1869 2374 opibuS,

196 2386 244 2427 et
273 2379 519 2442 proximus
546 2377 656 2426 huic
686 2378 854 2427 Abdus
881 2378 1130 2442 ademptae
1156 2379 1404 2427 virilitatis
1462 2394 1555 2426 non
1587 2379 1869 2444 despectum

137 2466 177 2499 15
198 2448 242 2498 id
278 2447 404 2513 apud
438 2446 675 2496 barbaros
723 2449 948 2512 ultroque
995 2450 1255 2512 potentiam
1297 2448 1456 2497 habet.
1519 2449 1548 2496 ii
1587 2447 1782 2497 adscitis
1820 2455 1868 2496 et

195 2519 301 2567 aliis
332 2516 647 2582 primoribus,
688 2520 794 2582 quia
833 2515 1070 2565 neminem*
1101 2520 1259 2580 gentis
1285 2518 1623 2567 Arsacidarum
1657 2532 1871 2567 summae>

193 2590 263 2637 rei
289 2589 524 2652 inponere
553 2595 800 2652 poterant,
837 2587 1103 2636 inte1fectis
1141 2587 1199 2636 ab
1225 2588 1471 2637 Artabano
1504 2588 1748 2652 plerisque
1789 2594 1868 2636 aut

194 2657 400 2707 nondum
426 2656 614 2720 adultis,
643 2657 878 2706 Phraaten
909 2659 1039 2720 regis
1068 2657 1284 2706 Phraatis
1323 2659 1464 2707 lilium
1501 2658 1651 2706 Roma
1690 2671 1867 2722 posce·

194 2728 332 2777 bant:
360 2728 550 2776 nomine
577 2735 753 2776 tantum
781 2735 827 2775 et
856 2735 1054 2776 auctore
1082 2743 1223 2792 opus,
1258 2736 1304 2776 ut
1329 2735 1501 2792 sponte
1531 2725 1779 2790 CaesariS‚
1816 2734 1869 2775 ut

135 2821 177 2854 20
195 2812 349 2859 genus
377 2797 577 2846 Arsacis
600 2799 750 2861 ripam
781 2797 906 2861 apud
933 2796 1191 2862 Euphratis
1223 2803 1518 2860 cerneretur.

137 2875 191 2920 32
302 2866 384 2916 38.
423 2865 641 2930 Cupitum
678 2867 724 2915 id
752 2867 974 2916 Tiberio:
1016 2874 1152 2915 ornat
1177 2866 1413 2916 Phraaten
1449 2865 1753 2930 accingitque
1779 2880 1866 2930 pa·
