1976 3224
614 197 788 234 LIBER
812 197 871 233 11.
904 195 1028 233 CAP.
1051 192 1251 237 66—71.
1690 182 1753 229 71

78 336 173 392 tue,
201 326 279 376 ubi
305 333 574 376 recreatum
601 324 791 388 accepit
812 330 1021 386 votaque
1042 335 1132 387 pro
1155 321 1480 371 incolumitate
1501 316 1757 371 solveban-

78 406 185 460 tur,
221 396 434 446 admotas
463 395 664 456 hostiaS,
693 391 1009 442 sacrificalem
1034 398 1344 455 apparatum,
1379 390 1553 439 festam
1588 386 1756 435 Antio-

86 467 330 516 chensium
357 465 551 531 plebem
577 479 665 529 per
699 463 898 511 lictores
933 461 1198 526 proturbat.
1246 468 1343 509 tum
1380 457 1654 509 Seleuciam
1690 455 1756 504 di-

76 536 324 601 greditur,
371 536 633 599 opperiens
673 531 1046 595 aegritudinem,
1086 545 1209 594 quae
1247 545 1434 593 rursum
1471 527 1757 578 Germanico

84 605 345 655 acciderat.
405 619 598 653 saevam
635 604 729 651 vim
766 600 921 650 morbi
963 600 1172 663 augebat
1212 600 1465 664 persuasio
1515 597 1690 645 veneni
1731 610 1816 646 a10

80 675 260 724 Pisone
296 675 511 738 accepti;
551 681 599 721 et
635 670 1003 735 reperiebantur
1042 670 1150 719 solo
1188 684 1247 717 ac
1285 667 1549 734 parietibus
1594 673 1757 715 erutae

78 744 394 794 humanorum
431 757 690 807 corporum
725 740 989 803 reliquiae,
1031 739 1238 788 carmina
1284 747 1333 787 et
1379 738 1666 788 devotiones
1712 741 1759 783 et

73 829 256 862 «nomen
283 812 553 863 Germanici
576 810 815 876 plumbeis
842 808 1015 857 tabulis
1041 808 1359 874 insculptum,
1397 808 1594 857 semusti
1632 805 1758 854 cine-

76 899 162 932 ÷res
183 898 239 932 ac
262 883 373 931 tabe
404 881 540 930 obliti
568 881 754 945 aliaque
780 879 1016 941 malefica,
1044 879 1149 942 quis
1178 878 1388 926 creditur
1408 878 1586 926 animas
1613 874 1758 923 numi-

81 953 221 1001 nibus
245 952 446 1001 infernis
476 952 675 1000 sacrari.
724 948 860 997 simul
885 948 1016 996 missi
1050 963 1076 997 a
1113 947 1290 996 Pisone
1325 946 1665 997 incusabantur
1710 950 1818 991 ut15

78 1021 368 1071 valetudinis
397 1020 603 1070 adversa
629 1020 871 1067 rimantes.
1470 1021 1472 1025 ’

189 1092 272 1140 70.
307 1090 380 1147 Ea
415 1090 701 1139 Germanico
733 1087 857 1136 haud
883 1087 1035 1135 minus
1062 1087 1132 1136 ira
1169 1101 1309 1151 quam
1347 1101 1436 1150 per
1471 1092 1645 1134 metum
1682 1097 1758 1132 ac-

79 1169 242 1225 cepta.
297 1161 337 1209 si
362 1160 506 1208 limen
533 1158 863 1218 obsideretur,
895 1158 935 1205 si
961 1155 1277 1205 effundendus
1306 1157 1502 1221 spiritus
1529 1153 1616 1203 sub
1647 1168 1759 1202 ocu-

80 1231 141 1279 lis
166 1231 467 1278 inimicorum
505 1230 660 1289 foret,
701 1227 811 1291 quid
848 1226 1020 1275 deinde
1057 1227 1355 1275 miserrimae
1393 1226 1610 1288 coniugi,
1650 1222 1761 1287 quid

78 1299 340 1348 ‘infantibus
368 1298 535 1347 liberis
554 1294 871 1346 eventurum?
909 1296 1039 1344 lenta
1060 1295 1214 1344 videri
1235 1295 1497 1345 veneficia:
1526 1294 1760 1344 festinare

76 1377 133 1418 et
158 1383 386 1432 urguere,
419 1375 469 1416 ut
496 1368 811 1432 provinciam,
839 1372 890 1413 ut
910 1366 1136 1428 legiones
1160 1365 1295 1414 solus
1314 1364 1504 1414 habeat.
1555 1363 1642 1412 sed
1664 1377 1760 1411 non
1781 1374 1799 1406 5

78 1453 236 1502 usque
263 1452 322 1486 eo
351 1437 591 1486 defectum
619 1436 976 1497 Germanicum,
1013 1450 1172 1499 neque
1205 1436 1418 1499 praemia
1445 1433 1608 1483 caedis
1635 1431 1762 1496 apud

79 1508 444 1556 interfectorem
478 1522 715 1555 mansura.
786 1506 1030 1569 componit
1068 1505 1330 1569 epistulaS,
1370 1504 1474 1568 quis
1511 1503 1760 1557 amicitiam

83 1579 128 1625 ei
154 1576 484 1626 renuntiabat:
522 1576 699 1625 addunt
735 1575 957 1639 plerique
1000 1576 1178 1623 iussum
1215 1575 1465 1638 provincia
1502 1571 1759 1622 decedere.

82 1662 175 1695 nec
202 1647 314 1695 Piso
341 1653 552 1695 moratus
577 1646 699 1694 ultra
727 1645 863 1694 navis
894 1644 1065 1705 solvit,
1103 1643 1540 1707 moderabaturque
1583 1641 1759 1703 cursui,

80 1730 179 1780 quo
222 1717 427 1780 propius
464 1715 837 1778 regrederetur,
885 1715 925 1762 si
964 1728 1094 1762 mors
1123 1713 1390 1762 Germanici
1434 1714 1619 1761 Suriam
1648 1725 1759 1775 ape-
1781 1719 1819 1752 10

82 1787 276 1833 ruisset.

186 1855 269 1901 71.
311 1853 494 1902 Caesar
524 1853 771 1917 paulisper
802 1852 862 1901 ad
898 1868 1034 1916 spem
1072 1860 1291 1914 erectus,
1336 1852 1446 1901 dein
1485 1852 1618 1900 fesso
1655 1864 1760 1898 cor-

86 1938 235 1987 pore,
276 1922 352 1970 ubi
396 1924 501 1971 finis
540 1922 733 1983 aderat,
771 1921 1059 1970 adsistentes
1099 1923 1279 1971 amicos
1326 1923 1375 1970 in
1414 1921 1540 1970 hunc
1575 1919 1765 1968 modum

85 1993 383 2055 adloquitur:
418 1992 490 2039 ‘si
516 1992 616 2039 fato
647 1991 970 2040 concederem
989 2028 1002 2053 ,
1028 1992 1179 2039 iustus
1206 1991 1316 2039 mihi
1348 1990 1489 2040 dolor
1517 1991 1657 2038 etiam
1683 1988 1762 2037 ad-

84 2076 260 2110 versus
291 2061 413 2110 deos
442 2068 589 2122 esset,
618 2060 748 2124 quod
774 2075 848 2108 me
886 2060 1166 2124 parentibus
1205 2059 1373 2108 liberis
1414 2061 1599 2124 patriae
1639 2060 1762 2106 intra

86 2133 324 2179 iuventam
351 2137 656 2195 praematuro
690 2130 819 2178 exitu
844 2137 1096 2194 raperent:
1126 2145 1249 2178 nunc
1278 2129 1468 2177 scelere
1494 2128 1681 2177 Pisonis
1712 2134 1759 2175 et
1783 2136 1802 2167 5

84 2200 344 2250 Plancinae
382 2201 681 2263 interceptus
718 2199 903 2247 ultimas
938 2214 1114 2262 preces
1154 2199 1433 2263 pectoribus
1475 2199 1652 2247 vestris
1687 2211 1761 2245 re-

84 2270 272 2334 linquo:
309 2269 535 2318 referatis
562 2270 770 2332 patriae
794 2269 957 2329 fratri,
993 2268 1163 2332 quibus
1206 2267 1548 2317 acerbitatibus
1584 2266 1761 2316 dilace-

83 2347 244 2401 ratuS,
276 2338 446 2403 quibus
478 2338 660 2386 insidiis
697 2340 1046 2386 circumventus
1083 2339 1393 2387 miserrimam
1427 2339 1571 2386 vitam
1609 2337 1762 2401 pessi-

85 2423 159 2456 ma
187 2416 343 2456 morte
374 2409 588 2457 finierim.
643 2408 681 2454 si
715 2421 837 2470 quos
864 2422 979 2471 spes
1003 2423 1168 2470 meae,
1217 2409 1254 2455 si
1300 2422 1420 2471 quos
1462 2406 1761 2470 propinquus

85 2479 301 2539 sanguis,
336 2479 476 2525 etiam
508 2491 630 2540 quos
654 2476 831 2524 invidia
861 2491 979 2539 erga
1004 2479 1242 2525 viventem
1274 2476 1528 2537 movebat,
1573 2474 1821 2523 inlacri-10

84 2546 278 2594 mabunt
303 2546 541 2609 quondam
567 2546 819 2594 florentem
858 2553 905 2593 et
939 2553 1010 2593 tot
1044 2546 1280 2594 bellorum
1324 2547 1630 2609 superstitem
1664 2558 1761 2590 mu·

89 2615 230 2663 liebri
263 2615 432 2663 fraude
461 2614 716 2662 cecidisse.
770 2615 863 2662 erit
886 2614 1028 2662 vobis
1054 2616 1192 2663 locus
1218 2615 1449 2677 querendi
1476 2612 1600 2677 apud
1626 2626 1761 2660 sena·

87 2690 202 2746 tum,
231 2683 487 2732 invocandi
514 2683 671 2745 leges.
722 2697 816 2730 non
845 2682 941 2730 hoc
966 2685 1276 2746 praecipuum
1312 2685 1570 2731 amicorum
1596 2695 1763 2730 munus

85 2760 188 2814 est,
228 2753 461 2817 prosequi
496 2752 769 2800 defunctum
809 2753 985 2813 ignavo
1032 2759 1229 2814 questu,
1276 2751 1361 2799 sed
1399 2767 1519 2816 quae
1556 2751 1764 2800 voluerit

84 2822 388 2884 meminisse,
429 2837 550 2885 quae
593 2820 891 2869 mandaverit
931 2821 1150 2883 exsequi.
1211 2821 1391 2868 flebunt
1431 2820 1819 2870 Germanicumis

84 2891 227 2938 etiam
253 2892 430 2953 ignoti:
471 2889 775 2938 vindicabitis
811 2904 927 2951 νοε,
969 2891 1008 2937 si
1046 2904 1120 2937 me
1158 2891 1314 2952 potius
1353 2905 1491 2954 quam
1526 2889 1764 2938 fortunam
