<?xml version="1.0" encoding="UTF-8"?>
<!DOCTYPE html PUBLIC "-//W3C//DTD XHTML 1.0 Transitional//EN"
    "http://www.w3.org/TR/xhtml1/DTD/xhtml1-transitional.dtd">
<html xmlns="http://www.w3.org/1999/xhtml" xml:lang="en" lang="en">
 <head>
  <title>
</title>
<meta http-equiv="Content-Type" content="text/html;charset=utf-8" />
  <meta name='ocr-system' content='tesseract 3.04.00' />
  <meta name='ocr-capabilities' content='ocr_page ocr_carea ocr_par ocr_line ocrx_word'/>
</head>
<body>
  <div class='ocr_page' id='page_1' title='image "./libriquisupersun01taciuoft_0371.png"; bbox 0 0 1976 3224; ppageno 0'>
   <div class='ocr_carea' id='block_1_1' title="bbox 615 163 1781 213">
    <p class='ocr_par' dir='ltr' id='par_1_1' title="bbox 615 163 1781 213">
     <span class='ocr_line' id='line_1_1' title="bbox 615 163 1781 213; baseline 0.004 -6"><span class='ocrx_word' id='word_1_1' title='bbox 615 171 788 208; x_wconf 84' lang='lat' dir='ltr'>LIBER</span> <span class='ocrx_word' id='word_1_2' title='bbox 814 171 913 209; x_wconf 84' lang='lat' dir='ltr'><strong>xv..</strong></span> <span class='ocrx_word' id='word_1_3' title='bbox 938 171 1064 210; x_wconf 85' lang='lat' dir='ltr'><strong>CAP.</strong></span> <span class='ocrx_word' id='word_1_4' title='bbox 1085 169 1283 213; x_wconf 85' lang='lat'><strong>67—71.</strong></span> <span class='ocrx_word' id='word_1_5' title='bbox 1681 163 1781 212; x_wconf 85' lang='lat'><strong>313</strong></span> 
     </span>
    </p>
   </div>
   <div class='ocr_carea' id='block_1_2' title="bbox 114 298 1836 1820">
    <p class='ocr_par' dir='ltr' id='par_1_2' title="bbox 116 298 1836 1321">
     <span class='ocr_line' id='line_1_2' title="bbox 122 298 1780 350; baseline -0.001 0"><span class='ocrx_word' id='word_1_6' title='bbox 122 314 387 350; x_wconf 90' lang='lat' dir='ltr'><strong>conversus</strong></span> <span class='ocrx_word' id='word_1_7' title='bbox 414 299 718 349; x_wconf 79' lang='lat' dir='ltr'><strong>Gerellanum</strong></span> <span class='ocrx_word' id='word_1_8' title='bbox 757 298 994 347; x_wconf 88' lang='lat' dir='ltr'><strong>tribunum</strong></span> <span class='ocrx_word' id='word_1_9' title='bbox 1023 314 1127 347; x_wconf 91' lang='lat' dir='ltr'><strong>cum</strong></span> <span class='ocrx_word' id='word_1_10' title='bbox 1162 298 1362 348; x_wconf 85' lang='lat' dir='ltr'>cohorte</span> <span class='ocrx_word' id='word_1_11' title='bbox 1400 298 1596 347; x_wconf 88' lang='lat' dir='ltr'><strong>militum</strong></span> <span class='ocrx_word' id='word_1_12' title='bbox 1630 300 1780 349; x_wconf 84' lang='lat' dir='ltr'><strong>inmit-</strong></span> 
     </span>
     <span class='ocr_line' id='line_1_3' title="bbox 119 369 1783 433; baseline 0 -15"><span class='ocrx_word' id='word_1_13' title='bbox 119 371 173 418; x_wconf 85' lang='lat' dir='ltr'><strong>tit</strong></span> <span class='ocrx_word' id='word_1_14' title='bbox 209 369 434 433; x_wconf 88' lang='lat' dir='ltr'><strong>iubetque</strong></span> <span class='ocrx_word' id='word_1_15' title='bbox 478 369 764 433; x_wconf 88' lang='lat' dir='ltr'><strong>praevenire</strong></span> <span class='ocrx_word' id='word_1_16' title='bbox 811 375 1011 416; x_wconf 89' lang='lat' dir='ltr'><strong>conatus</strong></span> <span class='ocrx_word' id='word_1_17' title='bbox 1060 369 1298 417; x_wconf 88' lang='lat' dir='ltr'><strong>consulis:</strong></span> <span class='ocrx_word' id='word_1_18' title='bbox 1345 377 1609 432; x_wconf 89' lang='lat' dir='ltr'><strong>occuparet</strong></span> <span class='ocrx_word' id='word_1_19' title='bbox 1650 370 1783 418; x_wconf 91' lang='lat' dir='ltr'><strong>velut</strong></span> 
     </span>
     <span class='ocr_line' id='line_1_4' title="bbox 119 437 1819 502; baseline -0.001 -14"><span class='ocrx_word' id='word_1_20' title='bbox 119 454 282 488; x_wconf 90' lang='lat' dir='ltr'><strong>arcem</strong></span> <span class='ocrx_word' id='word_1_21' title='bbox 305 439 407 487; x_wconf 90' lang='lat' dir='ltr'><strong>eius</strong></span> <span class='ocrx_word' id='word_1_22' title='bbox 424 475 438 501; x_wconf 88' lang='lat'><strong>,</strong></span> <span class='ocrx_word' id='word_1_23' title='bbox 470 439 767 502; x_wconf 88' lang='lat' dir='ltr'><strong>opprimeret</strong></span> <span class='ocrx_word' id='word_1_24' title='bbox 793 437 1028 486; x_wconf 87' lang='lat' dir='ltr'><strong>delectam</strong></span> <span class='ocrx_word' id='word_1_25' title='bbox 1055 439 1373 502; x_wconf 84' lang='lat' dir='ltr'><strong>iuventutem,</strong></span> <span class='ocrx_word' id='word_1_26' title='bbox 1408 440 1518 502; x_wconf 90' lang='lat' dir='ltr'><strong>quia</strong></span> <span class='ocrx_word' id='word_1_27' title='bbox 1545 440 1775 488; x_wconf 84' lang='lat' dir='ltr'><strong>Vestinus</strong></span> <span class='ocrx_word' id='word_1_28' title='bbox 1799 453 1819 485; x_wconf 81' lang='lat'>⁵</span> 
     </span>
     <span class='ocr_line' id='line_1_5' title="bbox 118 507 1779 572; baseline 0.001 -16"><span class='ocrx_word' id='word_1_29' title='bbox 118 509 402 556; x_wconf 83' lang='lat' dir='ltr'><strong>inminentes</strong></span> <span class='ocrx_word' id='word_1_30' title='bbox 438 507 546 556; x_wconf 87' lang='lat' dir='ltr'><strong>foro</strong></span> <span class='ocrx_word' id='word_1_31' title='bbox 583 507 730 556; x_wconf 87' lang='lat' dir='ltr'><strong>aedes</strong></span> <span class='ocrx_word' id='word_1_32' title='bbox 761 507 1038 571; x_wconf 85' lang='lat' dir='ltr'><strong>decoraque</strong></span> <span class='ocrx_word' id='word_1_33' title='bbox 1073 508 1268 556; x_wconf 87' lang='lat' dir='ltr'><strong>servitia</strong></span> <span class='ocrx_word' id='word_1_34' title='bbox 1297 515 1344 556; x_wconf 90' lang='lat' dir='ltr'><strong>et</strong></span> <span class='ocrx_word' id='word_1_35' title='bbox 1377 508 1481 572; x_wconf 93' lang='lat' dir='ltr'><strong>pari</strong></span> <span class='ocrx_word' id='word_1_36' title='bbox 1514 515 1672 557; x_wconf 88' lang='lat' dir='ltr'><strong>aetate</strong></span> <span class='ocrx_word' id='word_1_37' title='bbox 1698 508 1779 557; x_wconf 92' lang='lat' dir='ltr'><strong>ha-</strong></span> 
     </span>
     <span class='ocr_line' id='line_1_6' title="bbox 118 576 1778 641; baseline -0.001 -14"><span class='ocrx_word' id='word_1_38' title='bbox 118 578 278 627; x_wconf 89' lang='lat' dir='ltr'><strong>bebat.</strong></span> <span class='ocrx_word' id='word_1_39' title='bbox 333 584 502 626; x_wconf 90' lang='lat' dir='ltr'><strong>cuncta</strong></span> <span class='ocrx_word' id='word_1_40' title='bbox 539 576 598 626; x_wconf 73' lang='lat' dir='ltr'><strong>e&#39;o</strong></span> <span class='ocrx_word' id='word_1_41' title='bbox 636 577 716 625; x_wconf 91' lang='lat' dir='ltr'><strong>die</strong></span> <span class='ocrx_word' id='word_1_42' title='bbox 746 578 903 625; x_wconf 91' lang='lat' dir='ltr'><strong>munia</strong></span> <span class='ocrx_word' id='word_1_43' title='bbox 934 577 1147 625; x_wconf 88' lang='lat' dir='ltr'><strong>consulis</strong></span> <span class='ocrx_word' id='word_1_44' title='bbox 1177 578 1463 641; x_wconf 88' lang='lat' dir='ltr'><strong>impleverat</strong></span> <span class='ocrx_word' id='word_1_45' title='bbox 1490 578 1778 626; x_wconf 90' lang='lat' dir='ltr'><strong>convivium·</strong></span> 
     </span>
     <span class='ocr_line' id='line_1_7' title="bbox 120 646 1778 712; baseline -0.001 -16"><span class='ocrx_word' id='word_1_46' title='bbox 120 663 212 712; x_wconf 92' lang='lat' dir='ltr'><strong>que</strong></span> <span class='ocrx_word' id='word_1_47' title='bbox 239 646 536 709; x_wconf 88' lang='lat' dir='ltr'><strong>celebrabat,</strong></span> <span class='ocrx_word' id='word_1_48' title='bbox 563 646 678 695; x_wconf 88' lang='lat' dir='ltr'><strong>nihil</strong></span> <span class='ocrx_word' id='word_1_49' title='bbox 704 654 921 695; x_wconf 88' lang='lat' dir='ltr'><strong>metuens</strong></span> <span class='ocrx_word' id='word_1_50' title='bbox 949 661 1008 695; x_wconf 88' lang='lat' dir='ltr'><strong>an</strong></span> <span class='ocrx_word' id='word_1_51' title='bbox 1033 646 1373 695; x_wconf 91' lang='lat' dir='ltr'><strong>dissimulando</strong></span> <span class='ocrx_word' id='word_1_52' title='bbox 1401 654 1547 709; x_wconf 87' lang='lat' dir='ltr'><strong>metu,</strong></span> <span class='ocrx_word' id='word_1_53' title='bbox 1579 662 1683 695; x_wconf 92' lang='lat' dir='ltr'><strong>cum</strong></span> <span class='ocrx_word' id='word_1_54' title='bbox 1711 648 1778 695; x_wconf 89' lang='lat' dir='ltr'><strong>in·</strong></span> 
     </span>
     <span class='ocr_line' id='line_1_8' title="bbox 118 716 1778 780; baseline 0 -15"><span class='ocrx_word' id='word_1_55' title='bbox 118 717 277 780; x_wconf 86' lang='lat' dir='ltr'><strong>gressi</strong></span> <span class='ocrx_word' id='word_1_56' title='bbox 312 716 488 765; x_wconf 85' lang='lat' dir='ltr'><strong>milites</strong></span> <span class='ocrx_word' id='word_1_57' title='bbox 513 716 684 765; x_wconf 89' lang='lat' dir='ltr'><strong>vocari</strong></span> <span class='ocrx_word' id='word_1_58' title='bbox 719 732 825 764; x_wconf 91' lang='lat' dir='ltr'><strong>eum</strong></span> <span class='ocrx_word' id='word_1_59' title='bbox 851 731 877 764; x_wconf 90' lang='lat' dir='ltr'><strong>a</strong></span> <span class='ocrx_word' id='word_1_60' title='bbox 907 716 1094 775; x_wconf 83' lang='lat' dir='ltr'><strong>tribuno</strong></span> <span class='ocrx_word' id='word_1_61' title='bbox 1122 717 1306 765; x_wconf 85' lang='lat' dir='ltr'><strong>dixere.</strong></span> <span class='ocrx_word' id='word_1_62' title='bbox 1356 716 1442 764; x_wconf 89' lang='lat' dir='ltr'><strong>ille</strong></span> <span class='ocrx_word' id='word_1_63' title='bbox 1477 716 1590 764; x_wconf 88' lang='lat' dir='ltr'><strong>nihil</strong></span> <span class='ocrx_word' id='word_1_64' title='bbox 1619 717 1778 765; x_wconf 92' lang='lat' dir='ltr'><strong>demo-</strong></span> 
     </span>
     <span class='ocr_line' id='line_1_9' title="bbox 116 785 1836 850; baseline -0.001 -15"><span class='ocrx_word' id='word_1_65' title='bbox 116 794 246 836; x_wconf 86' lang='lat' dir='ltr'><strong>ratus</strong></span> <span class='ocrx_word' id='word_1_66' title='bbox 285 787 502 850; x_wconf 86' lang='lat' dir='ltr'><strong>exsurgit</strong></span> <span class='ocrx_word' id='word_1_67' title='bbox 537 793 584 834; x_wconf 87' lang='lat' dir='ltr'><strong>et</strong></span> <span class='ocrx_word' id='word_1_68' title='bbox 620 786 777 834; x_wconf 91' lang='lat' dir='ltr'><strong>omnia</strong></span> <span class='ocrx_word' id='word_1_69' title='bbox 816 785 952 834; x_wconf 90' lang='lat' dir='ltr'><strong>simul</strong></span> <span class='ocrx_word' id='word_1_70' title='bbox 991 793 1338 850; x_wconf 85' lang='lat' dir='ltr'><strong>properantur:</strong></span> <span class='ocrx_word' id='word_1_71' title='bbox 1381 785 1614 834; x_wconf 86' lang='lat' dir='ltr'><strong>clauditur</strong></span> <span class='ocrx_word' id='word_1_72' title='bbox 1650 786 1778 834; x_wconf 90' lang='lat' dir='ltr'><strong>cubi·</strong></span> <span class='ocrx_word' id='word_1_73' title='bbox 1801 803 1836 834; x_wconf 84' lang='lat'><strong>10</strong></span> 
     </span>
     <span class='ocr_line' id='line_1_10' title="bbox 119 854 1779 920; baseline -0.001 -15"><span class='ocrx_word' id='word_1_74' title='bbox 119 855 256 918; x_wconf 91' lang='lat' dir='ltr'><strong>culo,</strong></span> <span class='ocrx_word' id='word_1_75' title='bbox 287 862 484 920; x_wconf 89' lang='lat' dir='ltr'><strong>praesto</strong></span> <span class='ocrx_word' id='word_1_76' title='bbox 512 862 587 903; x_wconf 91' lang='lat' dir='ltr'><strong>est</strong></span> <span class='ocrx_word' id='word_1_77' title='bbox 609 855 836 918; x_wconf 82' lang='lat' dir='ltr'><strong>medicus,</strong></span> <span class='ocrx_word' id='word_1_78' title='bbox 862 854 1204 904; x_wconf 87' lang='lat' dir='ltr'><strong>abscinduntur</strong></span> <span class='ocrx_word' id='word_1_79' title='bbox 1225 870 1394 918; x_wconf 85' lang='lat' dir='ltr'><strong>venae,</strong></span> <span class='ocrx_word' id='word_1_80' title='bbox 1427 856 1600 918; x_wconf 85' lang='lat' dir='ltr'><strong>vigens</strong></span> <span class='ocrx_word' id='word_1_81' title='bbox 1627 855 1779 905; x_wconf 89' lang='lat' dir='ltr'><strong>adhuc</strong></span> 
     </span>
     <span class='ocr_line' id='line_1_11' title="bbox 117 924 1779 989; baseline -0.001 -15"><span class='ocrx_word' id='word_1_82' title='bbox 117 926 292 974; x_wconf 88' lang='lat' dir='ltr'><strong>balneo</strong></span> <span class='ocrx_word' id='word_1_83' title='bbox 320 925 549 987; x_wconf 88' lang='lat' dir='ltr'><strong>infertur,</strong></span> <span class='ocrx_word' id='word_1_84' title='bbox 587 924 738 973; x_wconf 89' lang='lat' dir='ltr'><strong>calida</strong></span> <span class='ocrx_word' id='word_1_85' title='bbox 773 935 894 988; x_wconf 88' lang='lat' dir='ltr'><strong>aqua</strong></span> <span class='ocrx_word' id='word_1_86' title='bbox 928 932 1187 988; x_wconf 81' lang='lat' dir='ltr'><strong>mersatur,</strong></span> <span class='ocrx_word' id='word_1_87' title='bbox 1223 925 1352 974; x_wconf 92' lang='lat' dir='ltr'><strong>nulla</strong></span> <span class='ocrx_word' id='word_1_88' title='bbox 1381 924 1507 973; x_wconf 91' lang='lat' dir='ltr'><strong>edita</strong></span> <span class='ocrx_word' id='word_1_89' title='bbox 1533 939 1658 973; x_wconf 87' lang='lat' dir='ltr'><strong>voce</strong></span> <span class='ocrx_word' id='word_1_90' title='bbox 1686 939 1779 989; x_wconf 92' lang='lat' dir='ltr'><strong>qua</strong></span> 
     </span>
     <span class='ocr_line' id='line_1_12' title="bbox 118 993 1779 1058; baseline -0.002 -14"><span class='ocrx_word' id='word_1_91' title='bbox 118 1001 271 1044; x_wconf 87' lang='lat' dir='ltr'><strong>semet</strong></span> <span class='ocrx_word' id='word_1_92' title='bbox 311 995 637 1042; x_wconf 88' lang='lat' dir='ltr'><strong>miseraretur.</strong></span> <span class='ocrx_word' id='word_1_93' title='bbox 705 993 982 1043; x_wconf 87' lang='lat' dir='ltr'><strong>circumdati</strong></span> <span class='ocrx_word' id='word_1_94' title='bbox 1025 996 1210 1042; x_wconf 85' lang='lat' dir='ltr'><strong>interim</strong></span> <span class='ocrx_word' id='word_1_95' title='bbox 1255 994 1471 1043; x_wconf 90' lang='lat' dir='ltr'><strong>custodia</strong></span> <span class='ocrx_word' id='word_1_96' title='bbox 1518 995 1598 1058; x_wconf 89' lang='lat' dir='ltr'><strong>qui</strong></span> <span class='ocrx_word' id='word_1_97' title='bbox 1641 993 1779 1043; x_wconf 90' lang='lat' dir='ltr'><strong>simul</strong></span> 
     </span>
     <span class='ocr_line' id='line_1_13' title="bbox 118 1062 1777 1128; baseline 0 -16"><span class='ocrx_word' id='word_1_98' title='bbox 118 1062 471 1125; x_wconf 77' lang='lat' dir='ltr'><strong>discubuerant,</strong></span> <span class='ocrx_word' id='word_1_99' title='bbox 498 1077 590 1112; x_wconf 87' lang='lat' dir='ltr'><strong>nec</strong></span> <span class='ocrx_word' id='word_1_100' title='bbox 614 1063 704 1111; x_wconf 90' lang='lat' dir='ltr'><strong>nisi</strong></span> <span class='ocrx_word' id='word_1_101' title='bbox 732 1071 964 1126; x_wconf 86' lang='lat' dir='ltr'><strong>provecta</strong></span> <span class='ocrx_word' id='word_1_102' title='bbox 994 1071 1139 1112; x_wconf 91' lang='lat' dir='ltr'><strong>nocte</strong></span> <span class='ocrx_word' id='word_1_103' title='bbox 1167 1064 1331 1111; x_wconf 87' lang='lat' dir='ltr'><strong>omissi</strong></span> <span class='ocrx_word' id='word_1_104' title='bbox 1359 1071 1492 1126; x_wconf 89' lang='lat' dir='ltr'><strong>sunt,</strong></span> <span class='ocrx_word' id='word_1_105' title='bbox 1520 1070 1777 1128; x_wconf 89' lang='lat' dir='ltr'><strong>postquam</strong></span> 
     </span>
     <span class='ocr_line' id='line_1_14' title="bbox 117 1133 1835 1198; baseline -0.001 -16"><span class='ocrx_word' id='word_1_106' title='bbox 117 1147 349 1198; x_wconf 89' lang='lat' dir='ltr'><strong>pavorem</strong></span> <span class='ocrx_word' id='word_1_107' title='bbox 377 1138 568 1195; x_wconf 83' lang='lat' dir='ltr'><strong>eorum,</strong></span> <span class='ocrx_word' id='word_1_108' title='bbox 607 1147 669 1180; x_wconf 85' lang='lat' dir='ltr'><strong>ex</strong></span> <span class='ocrx_word' id='word_1_109' title='bbox 693 1147 857 1181; x_wconf 89' lang='lat' dir='ltr'><strong>mensa</strong></span> <span class='ocrx_word' id='word_1_110' title='bbox 886 1133 1078 1181; x_wconf 86' lang='lat' dir='ltr'><strong>exitium</strong></span> <span class='ocrx_word' id='word_1_111' title='bbox 1111 1134 1487 1197; x_wconf 89' lang='lat' dir='ltr'><strong>opperientium,</strong></span> <span class='ocrx_word' id='word_1_112' title='bbox 1528 1140 1576 1180; x_wconf 90' lang='lat' dir='ltr'><strong>et</strong></span> <span class='ocrx_word' id='word_1_113' title='bbox 1611 1134 1835 1196; x_wconf 87' lang='lat' dir='ltr'><strong>imagi-15</strong></span> 
     </span>
     <span class='ocr_line' id='line_1_15' title="bbox 117 1201 1778 1266; baseline -0.001 -15"><span class='ocrx_word' id='word_1_114' title='bbox 117 1210 254 1251; x_wconf 90' lang='lat' dir='ltr'><strong>natus</strong></span> <span class='ocrx_word' id='word_1_115' title='bbox 291 1208 340 1250; x_wconf 93' lang='lat' dir='ltr'><strong>et</strong></span> <span class='ocrx_word' id='word_1_116' title='bbox 378 1201 588 1250; x_wconf 90' lang='lat' dir='ltr'><strong>inridens</strong></span> <span class='ocrx_word' id='word_1_117' title='bbox 619 1201 752 1250; x_wconf 88' lang='lat' dir='ltr'><strong>Nero</strong></span> <span class='ocrx_word' id='word_1_118' title='bbox 791 1204 903 1250; x_wconf 89' lang='lat' dir='ltr'><strong>satis</strong></span> <span class='ocrx_word' id='word_1_119' title='bbox 946 1202 1171 1266; x_wconf 87' lang='lat' dir='ltr'><strong>supplicii</strong></span> <span class='ocrx_word' id='word_1_120' title='bbox 1204 1202 1351 1250; x_wconf 87' lang='lat' dir='ltr'><strong>luisse</strong></span> <span class='ocrx_word' id='word_1_121' title='bbox 1386 1203 1449 1249; x_wconf 91' lang='lat' dir='ltr'><strong>ait</strong></span> <span class='ocrx_word' id='word_1_122' title='bbox 1486 1217 1573 1266; x_wconf 88' lang='lat' dir='ltr'><strong>pro</strong></span> <span class='ocrx_word' id='word_1_123' title='bbox 1622 1202 1778 1266; x_wconf 89' lang='lat' dir='ltr'><strong>epulis</strong></span> 
     </span>
     <span class='ocr_line' id='line_1_16' title="bbox 119 1270 466 1321; baseline -0.009 0"><span class='ocrx_word' id='word_1_124' title='bbox 119 1270 466 1321; x_wconf 90' lang='lat' dir='ltr'><strong>consularibus.</strong></span> 
     </span>
    </p>

    <p class='ocr_par' dir='ltr' id='par_1_3' title="bbox 114 1339 1821 1820">
     <span class='ocr_line' id='line_1_17' title="bbox 218 1339 1776 1405; baseline -0.001 -15"><span class='ocrx_word' id='word_1_125' title='bbox 218 1341 300 1390; x_wconf 88' lang='lat'><strong>70.</strong></span> <span class='ocrx_word' id='word_1_126' title='bbox 336 1340 476 1389; x_wconf 86' lang='lat' dir='ltr'><strong>Exim</strong></span> <span class='ocrx_word' id='word_1_127' title='bbox 502 1340 685 1390; x_wconf 87' lang='lat' dir='ltr'><strong>Annaei</strong></span> <span class='ocrx_word' id='word_1_128' title='bbox 712 1340 890 1389; x_wconf 90' lang='lat' dir='ltr'><strong>Lucani</strong></span> <span class='ocrx_word' id='word_1_129' title='bbox 927 1340 1124 1388; x_wconf 88' lang='lat' dir='ltr'><strong>caedem</strong></span> <span class='ocrx_word' id='word_1_130' title='bbox 1161 1341 1377 1405; x_wconf 86' lang='lat' dir='ltr'><strong>imperat.</strong></span> <span class='ocrx_word' id='word_1_131' title='bbox 1430 1341 1472 1388; x_wconf 90' lang='lat' dir='ltr'><strong>is</strong></span> <span class='ocrx_word' id='word_1_132' title='bbox 1507 1339 1776 1404; x_wconf 88' lang='lat' dir='ltr'><strong>profluente</strong></span> 
     </span>
     <span class='ocr_line' id='line_1_18' title="bbox 118 1408 1775 1474; baseline -0.001 -15"><span class='ocrx_word' id='word_1_133' title='bbox 118 1411 348 1473; x_wconf 88' lang='lat' dir='ltr'><strong>sanguine</strong></span> <span class='ocrx_word' id='word_1_134' title='bbox 386 1410 466 1458; x_wconf 90' lang='lat' dir='ltr'><strong>ubi</strong></span> <span class='ocrx_word' id='word_1_135' title='bbox 500 1410 773 1473; x_wconf 82' lang='lat' dir='ltr'><strong>frigescere</strong></span> <span class='ocrx_word' id='word_1_136' title='bbox 810 1409 961 1474; x_wconf 91' lang='lat' dir='ltr'><strong>pedes</strong></span> <span class='ocrx_word' id='word_1_137' title='bbox 989 1424 1250 1474; x_wconf 91' lang='lat' dir='ltr'><strong>manusque</strong></span> <span class='ocrx_word' id='word_1_138' title='bbox 1277 1417 1325 1458; x_wconf 90' lang='lat' dir='ltr'><strong>et</strong></span> <span class='ocrx_word' id='word_1_139' title='bbox 1351 1410 1577 1474; x_wconf 88' lang='lat' dir='ltr'><strong>paulatim</strong></span> <span class='ocrx_word' id='word_1_140' title='bbox 1606 1408 1664 1457; x_wconf 91' lang='lat' dir='ltr'><strong>ab</strong></span> <span class='ocrx_word' id='word_1_141' title='bbox 1694 1424 1775 1457; x_wconf 89' lang='lat' dir='ltr'><strong>ex·</strong></span> 
     </span>
     <span class='ocr_line' id='line_1_19' title="bbox 115 1478 1776 1544; baseline -0.002 -15"><span class='ocrx_word' id='word_1_142' title='bbox 115 1481 280 1529; x_wconf 88' lang='lat' dir='ltr'><strong>tremis</strong></span> <span class='ocrx_word' id='word_1_143' title='bbox 328 1479 505 1528; x_wconf 90' lang='lat' dir='ltr'><strong>cedere</strong></span> <span class='ocrx_word' id='word_1_144' title='bbox 555 1480 770 1544; x_wconf 91' lang='lat' dir='ltr'><strong>spiritum</strong></span> <span class='ocrx_word' id='word_1_145' title='bbox 802 1479 989 1528; x_wconf 86' lang='lat' dir='ltr'><strong>fervido</strong></span> <span class='ocrx_word' id='word_1_146' title='bbox 1037 1478 1190 1527; x_wconf 90' lang='lat' dir='ltr'><strong>adhuc</strong></span> <span class='ocrx_word' id='word_1_147' title='bbox 1239 1486 1286 1527; x_wconf 89' lang='lat' dir='ltr'><strong>et</strong></span> <span class='ocrx_word' id='word_1_148' title='bbox 1331 1486 1556 1543; x_wconf 90' lang='lat' dir='ltr'><strong>compote</strong></span> <span class='ocrx_word' id='word_1_149' title='bbox 1605 1479 1776 1526; x_wconf 89' lang='lat' dir='ltr'><strong>mentis</strong></span> 
     </span>
     <span class='ocr_line' id='line_1_20' title="bbox 117 1548 1788 1614; baseline -0.002 -16"><span class='ocrx_word' id='word_1_150' title='bbox 117 1556 318 1614; x_wconf 89' lang='lat' dir='ltr'><strong>pectore</strong></span> <span class='ocrx_word' id='word_1_151' title='bbox 343 1549 598 1612; x_wconf 83' lang='lat' dir='ltr'><strong>intellegit,</strong></span> <span class='ocrx_word' id='word_1_152' title='bbox 625 1548 906 1598; x_wconf 86' lang='lat' dir='ltr'><strong>recordatus</strong></span> <span class='ocrx_word' id='word_1_153' title='bbox 938 1563 1128 1597; x_wconf 89' lang='lat' dir='ltr'><strong>carmen</strong></span> <span class='ocrx_word' id='word_1_154' title='bbox 1165 1564 1190 1596; x_wconf 92' lang='lat' dir='ltr'><strong>a</strong></span> <span class='ocrx_word' id='word_1_155' title='bbox 1216 1564 1268 1596; x_wconf 88' lang='lat' dir='ltr'><strong>se</strong></span> <span class='ocrx_word' id='word_1_156' title='bbox 1296 1549 1641 1613; x_wconf 85' lang='lat' dir='ltr'><strong>compositum,</strong></span> <span class='ocrx_word' id='word_1_157' title='bbox 1680 1562 1788 1612; x_wconf 92' lang='lat' dir='ltr'><strong>quo·</strong></span> 
     </span>
     <span class='ocr_line' id='line_1_21' title="bbox 118 1616 1821 1682; baseline -0.001 -15"><span class='ocrx_word' id='word_1_158' title='bbox 118 1618 414 1667; x_wconf 89' lang='lat' dir='ltr'><strong>volneratum</strong></span> <span class='ocrx_word' id='word_1_159' title='bbox 455 1618 651 1666; x_wconf 88' lang='lat' dir='ltr'><strong>militem</strong></span> <span class='ocrx_word' id='word_1_160' title='bbox 691 1633 778 1682; x_wconf 92' lang='lat' dir='ltr'><strong>per</strong></span> <span class='ocrx_word' id='word_1_161' title='bbox 813 1620 914 1667; x_wconf 90' lang='lat' dir='ltr'><strong>eius</strong></span> <span class='ocrx_word' id='word_1_162' title='bbox 953 1618 1078 1666; x_wconf 92' lang='lat' dir='ltr'><strong>modi</strong></span> <span class='ocrx_word' id='word_1_163' title='bbox 1118 1619 1284 1666; x_wconf 89' lang='lat' dir='ltr'><strong>mortis</strong></span> <span class='ocrx_word' id='word_1_164' title='bbox 1319 1619 1574 1681; x_wconf 88' lang='lat' dir='ltr'><strong>imaginem</strong></span> <span class='ocrx_word' id='word_1_165' title='bbox 1612 1616 1821 1666; x_wconf 64' lang='lat' dir='ltr'><strong>obisset&gt;</strong></span> 
     </span>
     <span class='ocr_line' id='line_1_22' title="bbox 114 1686 1775 1752; baseline -0.001 -16"><span class='ocrx_word' id='word_1_166' title='bbox 114 1686 389 1751; x_wconf 90' lang='lat' dir='ltr'><strong>tradiderat,</strong></span> <span class='ocrx_word' id='word_1_167' title='bbox 417 1702 587 1736; x_wconf 86' lang='lat' dir='ltr'><strong>versus</strong></span> <span class='ocrx_word' id='word_1_168' title='bbox 615 1690 751 1752; x_wconf 88' lang='lat' dir='ltr'><strong>ipsos</strong></span> <span class='ocrx_word' id='word_1_169' title='bbox 780 1687 979 1749; x_wconf 85' lang='lat' dir='ltr'><strong>rettulit,</strong></span> <span class='ocrx_word' id='word_1_170' title='bbox 1014 1702 1166 1751; x_wconf 89' lang='lat' dir='ltr'><strong>eaque</strong></span> <span class='ocrx_word' id='word_1_171' title='bbox 1197 1687 1266 1735; x_wconf 91' lang='lat' dir='ltr'><strong>illi</strong></span> <span class='ocrx_word' id='word_1_172' title='bbox 1293 1702 1514 1751; x_wconf 88' lang='lat' dir='ltr'><strong>suprema</strong></span> <span class='ocrx_word' id='word_1_173' title='bbox 1541 1701 1639 1735; x_wconf 85' lang='lat' dir='ltr'><strong>vox</strong></span> <span class='ocrx_word' id='word_1_174' title='bbox 1672 1686 1775 1734; x_wconf 87' lang='lat' dir='ltr'><strong>fuit.</strong></span> 
     </span>
     <span class='ocr_line' id='line_1_23' title="bbox 117 1756 1777 1820; baseline -0.001 -15"><span class='ocrx_word' id='word_1_175' title='bbox 117 1757 324 1805; x_wconf 88' lang='lat' dir='ltr'><strong>Senecio</strong></span> <span class='ocrx_word' id='word_1_176' title='bbox 358 1756 562 1820; x_wconf 89' lang='lat' dir='ltr'><strong>posthac</strong></span> <span class='ocrx_word' id='word_1_177' title='bbox 599 1764 647 1805; x_wconf 94' lang='lat' dir='ltr'><strong>et</strong></span> <span class='ocrx_word' id='word_1_178' title='bbox 684 1758 964 1818; x_wconf 85' lang='lat' dir='ltr'><strong>Quintianus</strong></span> <span class='ocrx_word' id='word_1_179' title='bbox 1000 1764 1047 1805; x_wconf 91' lang='lat' dir='ltr'><strong>ct</strong></span> <span class='ocrx_word' id='word_1_180' title='bbox 1074 1756 1338 1806; x_wconf 87' lang='lat' dir='ltr'><strong>Scaevinus</strong></span> <span class='ocrx_word' id='word_1_181' title='bbox 1377 1772 1472 1806; x_wconf 88' lang='lat' dir='ltr'><strong>non</strong></span> <span class='ocrx_word' id='word_1_182' title='bbox 1511 1772 1572 1804; x_wconf 87' lang='lat' dir='ltr'><strong>ex</strong></span> <span class='ocrx_word' id='word_1_183' title='bbox 1612 1757 1777 1820; x_wconf 90' lang='lat' dir='ltr'><strong>priore</strong></span> 
     </span>
    </p>
   </div>
   <div class='ocr_carea' id='block_1_3' title="bbox 36 1822 1775 1890">
    <p class='ocr_par' dir='ltr' id='par_1_4' title="bbox 36 1822 1775 1890">
     <span class='ocr_line' id='line_1_24' title="bbox 36 1822 1775 1890; baseline -0.001 -15"><span class='ocrx_word' id='word_1_184' title='bbox 36 1822 47 1827; x_wconf 55' lang='lat'><em>⁷</em></span> <span class='ocrx_word' id='word_1_185' title='bbox 116 1827 243 1875; x_wconf 85' lang='lat' dir='ltr'><strong>vitae</strong></span> <span class='ocrx_word' id='word_1_186' title='bbox 270 1825 492 1888; x_wconf 89' lang='lat' dir='ltr'><strong>mollitia,</strong></span> <span class='ocrx_word' id='word_1_187' title='bbox 519 1840 631 1874; x_wconf 86' lang='lat' dir='ltr'><strong>mox</strong></span> <span class='ocrx_word' id='word_1_188' title='bbox 656 1826 829 1890; x_wconf 88' lang='lat' dir='ltr'><strong>reliqui</strong></span> <span class='ocrx_word' id='word_1_189' title='bbox 857 1827 1207 1875; x_wconf 86' lang='lat' dir='ltr'><strong>coniuratorum</strong></span> <span class='ocrx_word' id='word_1_190' title='bbox 1236 1827 1456 1889; x_wconf 87' lang='lat' dir='ltr'><strong>periere,</strong></span> <span class='ocrx_word' id='word_1_191' title='bbox 1486 1825 1618 1874; x_wconf 91' lang='lat' dir='ltr'><strong>nullo</strong></span> <span class='ocrx_word' id='word_1_192' title='bbox 1645 1826 1775 1874; x_wconf 84' lang='lat' dir='ltr'><strong>facto</strong></span> 
     </span>
    </p>
   </div>
   <div class='ocr_carea' id='block_1_4' title="bbox 116 1894 1841 2925">
    <p class='ocr_par' dir='ltr' id='par_1_5' title="bbox 117 1894 1294 1956">
     <span class='ocr_line' id='line_1_25' title="bbox 117 1894 1294 1956; baseline -0.003 -13"><span class='ocrx_word' id='word_1_193' title='bbox 117 1894 310 1943; x_wconf 87' lang='lat' dir='ltr'><strong>dictove</strong></span> <span class='ocrx_word' id='word_1_194' title='bbox 335 1894 661 1945; x_wconf 59' lang='lat' dir='ltr'><strong>memoranda</strong></span> <span class='ocrx_word' id='word_1_195' title='bbox 1291 1952 1294 1956; x_wconf 88' lang='lat'><strong>.</strong></span> 
     </span>
    </p>

    <p class='ocr_par' dir='ltr' id='par_1_6' title="bbox 116 1963 1841 2925">
     <span class='ocr_line' id='line_1_26' title="bbox 222 1963 1777 2027; baseline -0.001 -15"><span class='ocrx_word' id='word_1_196' title='bbox 222 1965 304 2012; x_wconf 90' lang='lat'><strong>71.</strong></span> <span class='ocrx_word' id='word_1_197' title='bbox 359 1963 456 2013; x_wconf 89' lang='lat' dir='ltr'><strong>Sed</strong></span> <span class='ocrx_word' id='word_1_198' title='bbox 492 1963 725 2027; x_wconf 91' lang='lat' dir='ltr'><strong>compleri</strong></span> <span class='ocrx_word' id='word_1_199' title='bbox 771 1964 958 2012; x_wconf 89' lang='lat' dir='ltr'><strong>interim</strong></span> <span class='ocrx_word' id='word_1_200' title='bbox 1000 1963 1113 2011; x_wconf 90' lang='lat' dir='ltr'><strong>urbs</strong></span> <span class='ocrx_word' id='word_1_201' title='bbox 1161 1963 1433 2026; x_wconf 87' lang='lat' dir='ltr'><strong>funeribus,</strong></span> <span class='ocrx_word' id='word_1_202' title='bbox 1492 1963 1777 2027; x_wconf 90' lang='lat' dir='ltr'><strong>Capitolium</strong></span> 
     </span>
     <span class='ocr_line' id='line_1_27' title="bbox 117 2032 1775 2097; baseline -0.001 -16"><span class='ocrx_word' id='word_1_203' title='bbox 117 2034 344 2090; x_wconf 88' lang='lat' dir='ltr'><strong>victimis;</strong></span> <span class='ocrx_word' id='word_1_204' title='bbox 383 2033 503 2082; x_wconf 90' lang='lat' dir='ltr'><strong>alius</strong></span> <span class='ocrx_word' id='word_1_205' title='bbox 531 2032 656 2095; x_wconf 84' lang='lat' dir='ltr'><strong>filio,</strong></span> <span class='ocrx_word' id='word_1_206' title='bbox 694 2032 842 2080; x_wconf 88' lang='lat' dir='ltr'><strong>fratre</strong></span> <span class='ocrx_word' id='word_1_207' title='bbox 871 2033 991 2082; x_wconf 89' lang='lat' dir='ltr'><strong>alius</strong></span> <span class='ocrx_word' id='word_1_208' title='bbox 1016 2039 1093 2081; x_wconf 89' lang='lat' dir='ltr'><strong>aut</strong></span> <span class='ocrx_word' id='word_1_209' title='bbox 1119 2034 1392 2097; x_wconf 91' lang='lat' dir='ltr'><strong>propinquo</strong></span> <span class='ocrx_word' id='word_1_210' title='bbox 1422 2040 1500 2082; x_wconf 91' lang='lat' dir='ltr'><strong>aut</strong></span> <span class='ocrx_word' id='word_1_211' title='bbox 1527 2033 1679 2081; x_wconf 89' lang='lat' dir='ltr'><strong>amico</strong></span> <span class='ocrx_word' id='word_1_212' title='bbox 1707 2033 1775 2080; x_wconf 90' lang='lat' dir='ltr'><strong>in-</strong></span> 
     </span>
     <span class='ocr_line' id='line_1_28' title="bbox 117 2102 1777 2166; baseline -0.001 -16"><span class='ocrx_word' id='word_1_213' title='bbox 117 2102 359 2165; x_wconf 78' lang='lat' dir='ltr'><strong>terfectiS‚</strong></span> <span class='ocrx_word' id='word_1_214' title='bbox 405 2116 556 2165; x_wconf 91' lang='lat' dir='ltr'><strong>agere</strong></span> <span class='ocrx_word' id='word_1_215' title='bbox 593 2109 759 2166; x_wconf 84' lang='lat' dir='ltr'><strong>grates</strong></span> <span class='ocrx_word' id='word_1_216' title='bbox 791 2102 923 2165; x_wconf 81' lang='lat' dir='ltr'><strong>deiS,</strong></span> <span class='ocrx_word' id='word_1_217' title='bbox 970 2116 1141 2150; x_wconf 91' lang='lat' dir='ltr'><strong>ornare</strong></span> <span class='ocrx_word' id='word_1_218' title='bbox 1182 2102 1317 2151; x_wconf 90' lang='lat' dir='ltr'><strong>lauru</strong></span> <span class='ocrx_word' id='word_1_219' title='bbox 1353 2102 1572 2163; x_wconf 91' lang='lat' dir='ltr'><strong>domum,</strong></span> <span class='ocrx_word' id='word_1_220' title='bbox 1619 2116 1777 2165; x_wconf 87' lang='lat' dir='ltr'><strong>genua</strong></span> 
     </span>
     <span class='ocr_line' id='line_1_29' title="bbox 116 2170 1774 2236; baseline -0.001 -16"><span class='ocrx_word' id='word_1_221' title='bbox 116 2172 266 2235; x_wconf 89' lang='lat' dir='ltr'><strong>ipsius</strong></span> <span class='ocrx_word' id='word_1_222' title='bbox 301 2172 495 2220; x_wconf 83' lang='lat' dir='ltr'><strong>advolvi</strong></span> <span class='ocrx_word' id='word_1_223' title='bbox 535 2178 582 2219; x_wconf 88' lang='lat' dir='ltr'><strong>et</strong></span> <span class='ocrx_word' id='word_1_224' title='bbox 620 2170 835 2219; x_wconf 86' lang='lat' dir='ltr'><strong>dextram</strong></span> <span class='ocrx_word' id='word_1_225' title='bbox 873 2171 1052 2219; x_wconf 89' lang='lat' dir='ltr'><strong>osculis</strong></span> <span class='ocrx_word' id='word_1_226' title='bbox 1090 2171 1311 2234; x_wconf 89' lang='lat' dir='ltr'><strong>fatigare.</strong></span> <span class='ocrx_word' id='word_1_227' title='bbox 1363 2178 1505 2236; x_wconf 91' lang='lat' dir='ltr'><strong>atque</strong></span> <span class='ocrx_word' id='word_1_228' title='bbox 1543 2171 1625 2219; x_wconf 91' lang='lat' dir='ltr'><strong>ille</strong></span> <span class='ocrx_word' id='word_1_229' title='bbox 1659 2185 1774 2233; x_wconf 87' lang='lat' dir='ltr'><strong>gau-</strong></span> 
     </span>
     <span class='ocr_line' id='line_1_30' title="bbox 118 2239 1816 2292; baseline 0.002 -3"><span class='ocrx_word' id='word_1_230' title='bbox 118 2240 242 2289; x_wconf 91' lang='lat' dir='ltr'><strong>dium</strong></span> <span class='ocrx_word' id='word_1_231' title='bbox 266 2241 313 2289; x_wconf 87' lang='lat' dir='ltr'><strong>id</strong></span> <span class='ocrx_word' id='word_1_232' title='bbox 342 2240 546 2290; x_wconf 89' lang='lat' dir='ltr'><strong>credens</strong></span> <span class='ocrx_word' id='word_1_233' title='bbox 574 2239 770 2288; x_wconf 87' lang='lat' dir='ltr'><strong>Antonii</strong></span> <span class='ocrx_word' id='word_1_234' title='bbox 796 2239 977 2288; x_wconf 88' lang='lat' dir='ltr'><strong>Natalis</strong></span> <span class='ocrx_word' id='word_1_235' title='bbox 1007 2248 1055 2288; x_wconf 90' lang='lat' dir='ltr'><strong>et</strong></span> <span class='ocrx_word' id='word_1_236' title='bbox 1083 2239 1298 2289; x_wconf 86' lang='lat' dir='ltr'><strong>Cervarii</strong></span> <span class='ocrx_word' id='word_1_237' title='bbox 1324 2241 1517 2289; x_wconf 91' lang='lat' dir='ltr'><strong>Proculi</strong></span> <span class='ocrx_word' id='word_1_238' title='bbox 1552 2240 1775 2288; x_wconf 81' lang='lat' dir='ltr'><strong>festinata</strong></span> <span class='ocrx_word' id='word_1_239' title='bbox 1796 2259 1816 2292; x_wconf 78' lang='lat'>5</span> 
     </span>
     <span class='ocr_line' id='line_1_31' title="bbox 116 2309 1776 2374; baseline -0.001 -16"><span class='ocrx_word' id='word_1_240' title='bbox 116 2309 291 2358; x_wconf 91' lang='lat' dir='ltr'><strong>indicia</strong></span> <span class='ocrx_word' id='word_1_241' title='bbox 310 2310 571 2374; x_wconf 90' lang='lat' dir='ltr'><strong>inpunitate</strong></span> <span class='ocrx_word' id='word_1_242' title='bbox 593 2316 934 2357; x_wconf 88' lang='lat' dir='ltr'><strong>remuneratur.</strong></span> <span class='ocrx_word' id='word_1_243' title='bbox 982 2309 1203 2358; x_wconf 89' lang='lat' dir='ltr'><strong>Milichus</strong></span> <span class='ocrx_word' id='word_1_244' title='bbox 1226 2310 1448 2374; x_wconf 84' lang='lat' dir='ltr'><strong>praemiis</strong></span> <span class='ocrx_word' id='word_1_245' title='bbox 1471 2309 1643 2358; x_wconf 90' lang='lat' dir='ltr'><strong>ditatus</strong></span> <span class='ocrx_word' id='word_1_246' title='bbox 1665 2323 1776 2357; x_wconf 92' lang='lat' dir='ltr'><strong>con-</strong></span> 
     </span>
     <span class='ocr_line' id='line_1_32' title="bbox 119 2377 1776 2442; baseline -0.001 -15"><span class='ocrx_word' id='word_1_247' title='bbox 119 2379 381 2427; x_wconf 89' lang='lat' dir='ltr'><strong>servatoris</strong></span> <span class='ocrx_word' id='word_1_248' title='bbox 410 2378 497 2427; x_wconf 90' lang='lat' dir='ltr'><strong>sibi</strong></span> <span class='ocrx_word' id='word_1_249' title='bbox 524 2393 724 2440; x_wconf 88' lang='lat' dir='ltr'><strong>nomen,</strong></span> <span class='ocrx_word' id='word_1_250' title='bbox 764 2377 951 2428; x_wconf 87' lang='lat' dir='ltr'><strong>Graeco</strong></span> <span class='ocrx_word' id='word_1_251' title='bbox 991 2379 1093 2426; x_wconf 91' lang='lat' dir='ltr'><strong>eius</strong></span> <span class='ocrx_word' id='word_1_252' title='bbox 1117 2380 1186 2427; x_wconf 88' lang='lat' dir='ltr'><strong>rei</strong></span> <span class='ocrx_word' id='word_1_253' title='bbox 1215 2379 1471 2441; x_wconf 80' lang='lat' dir='ltr'><strong>vocabule,</strong></span> <span class='ocrx_word' id='word_1_254' title='bbox 1498 2378 1776 2442; x_wconf 90' lang='lat' dir='ltr'><strong>adsumpsit.</strong></span> 
     </span>
     <span class='ocr_line' id='line_1_33' title="bbox 120 2446 1777 2511; baseline -0.001 -16"><span class='ocrx_word' id='word_1_255' title='bbox 120 2464 145 2496; x_wconf 87' lang='lat' dir='ltr'><strong>e</strong></span> <span class='ocrx_word' id='word_1_256' title='bbox 171 2446 369 2506; x_wconf 82' lang='lat' dir='ltr'><strong>tribunis</strong></span> <span class='ocrx_word' id='word_1_257' title='bbox 391 2447 566 2498; x_wconf 85' lang='lat' dir='ltr'><strong>Gavius</strong></span> <span class='ocrx_word' id='word_1_258' title='bbox 594 2448 839 2510; x_wconf 77' lang='lat' dir='ltr'><strong>SilvanuS,</strong></span> <span class='ocrx_word' id='word_1_259' title='bbox 878 2450 1090 2511; x_wconf 88' lang='lat' dir='ltr'><strong>quamvis</strong></span> <span class='ocrx_word' id='word_1_260' title='bbox 1115 2448 1389 2508; x_wconf 87' lang='lat' dir='ltr'><strong>absolutus,</strong></span> <span class='ocrx_word' id='word_1_261' title='bbox 1419 2463 1502 2495; x_wconf 91' lang='lat' dir='ltr'><strong>sua</strong></span> <span class='ocrx_word' id='word_1_262' title='bbox 1532 2462 1671 2495; x_wconf 90' lang='lat' dir='ltr'><strong>manu</strong></span> <span class='ocrx_word' id='word_1_263' title='bbox 1699 2461 1777 2494; x_wconf 90' lang='lat' dir='ltr'><strong>ce-</strong></span> 
     </span>
     <span class='ocr_line' id='line_1_34' title="bbox 121 2515 1776 2581; baseline -0.001 -16"><span class='ocrx_word' id='word_1_264' title='bbox 121 2516 254 2573; x_wconf 89' lang='lat' dir='ltr'><strong>cidit;</strong></span> <span class='ocrx_word' id='word_1_265' title='bbox 292 2517 467 2566; x_wconf 89' lang='lat' dir='ltr'><strong>Statius</strong></span> <span class='ocrx_word' id='word_1_266' title='bbox 503 2516 751 2565; x_wconf 88' lang='lat' dir='ltr'><strong>Proximus</strong></span> <span class='ocrx_word' id='word_1_267' title='bbox 790 2519 998 2580; x_wconf 88' lang='lat' dir='ltr'><strong>veniam,</strong></span> <span class='ocrx_word' id='word_1_268' title='bbox 1039 2533 1176 2581; x_wconf 88' lang='lat' dir='ltr'><strong>quam</strong></span> <span class='ocrx_word' id='word_1_269' title='bbox 1211 2515 1271 2565; x_wconf 89' lang='lat' dir='ltr'><strong>ab</strong></span> <span class='ocrx_word' id='word_1_270' title='bbox 1308 2519 1602 2580; x_wconf 88' lang='lat' dir='ltr'><strong>imperatore</strong></span> <span class='ocrx_word' id='word_1_271' title='bbox 1636 2529 1776 2564; x_wconf 91' lang='lat' dir='ltr'><strong>acce-</strong></span> 
     </span>
     <span class='ocr_line' id='line_1_35' title="bbox 117 2582 1841 2650; baseline -0.001 -16"><span class='ocrx_word' id='word_1_272' title='bbox 117 2593 281 2650; x_wconf 89' lang='lat' dir='ltr'><strong>perat,</strong></span> <span class='ocrx_word' id='word_1_273' title='bbox 325 2586 533 2634; x_wconf 87' lang='lat' dir='ltr'><strong>vanitate</strong></span> <span class='ocrx_word' id='word_1_274' title='bbox 571 2586 725 2634; x_wconf 84' lang='lat' dir='ltr'><strong>exitus</strong></span> <span class='ocrx_word' id='word_1_275' title='bbox 765 2587 996 2649; x_wconf 89' lang='lat' dir='ltr'><strong>corrupit.</strong></span> <span class='ocrx_word' id='word_1_276' title='bbox 1055 2586 1185 2635; x_wconf 89' lang='lat' dir='ltr'><strong>exuti</strong></span> <span class='ocrx_word' id='word_1_277' title='bbox 1225 2585 1399 2634; x_wconf 88' lang='lat' dir='ltr'><strong>dehinc</strong></span> <span class='ocrx_word' id='word_1_278' title='bbox 1432 2584 1670 2633; x_wconf 90' lang='lat' dir='ltr'><strong>tribunatu</strong></span> <span class='ocrx_word' id='word_1_279' title='bbox 1695 2583 1722 2617; x_wconf 90' lang='lat'>*</span> <span class='ocrx_word' id='word_1_280' title='bbox 1748 2582 1841 2623; x_wconf 65' lang='lat'><strong>*1⁰*</strong></span> 
     </span>
     <span class='ocr_line' id='line_1_36' title="bbox 117 2652 1775 2720; baseline -0.001 -17"><span class='ocrx_word' id='word_1_281' title='bbox 117 2654 397 2720; x_wconf 87' lang='lat' dir='ltr'><strong>Pompeius,</strong></span> <span class='ocrx_word' id='word_1_282' title='bbox 436 2653 692 2703; x_wconf 86' lang='lat' dir='ltr'><strong>Cornelius</strong></span> <span class='ocrx_word' id='word_1_283' title='bbox 730 2654 986 2716; x_wconf 87' lang='lat' dir='ltr'><strong>Martialis,</strong></span> <span class='ocrx_word' id='word_1_284' title='bbox 1023 2653 1216 2703; x_wconf 89' lang='lat' dir='ltr'><strong>Flavius</strong></span> <span class='ocrx_word' id='word_1_285' title='bbox 1241 2653 1435 2718; x_wconf 81' lang='lat' dir='ltr'><strong>NepOS,</strong></span> <span class='ocrx_word' id='word_1_286' title='bbox 1475 2654 1654 2702; x_wconf 90' lang='lat' dir='ltr'><strong>Statius</strong></span> <span class='ocrx_word' id='word_1_287' title='bbox 1678 2652 1775 2702; x_wconf 89' lang='lat' dir='ltr'><strong>Do-</strong></span> 
     </span>
     <span class='ocr_line' id='line_1_37' title="bbox 117 2722 1776 2839; baseline -0.001 -68"><span class='ocrx_word' id='word_1_288' title='bbox 117 2724 298 2788; x_wconf 75' lang='lat' dir='ltr'><strong>mitiuS,</strong></span> <span class='ocrx_word' id='word_1_289' title='bbox 328 2724 462 2788; x_wconf 87' lang='lat' dir='ltr'><strong>quasi</strong></span> <span class='ocrx_word' id='word_1_290' title='bbox 492 2723 758 2839; x_wconf 38' lang='lat' dir='ltr'><strong>&amp;³⁰⁰³me</strong></span> <span class='ocrx_word' id='word_1_291' title='bbox 783 2737 876 2771; x_wconf 90' lang='lat' dir='ltr'><strong>non</strong></span> <span class='ocrx_word' id='word_1_292' title='bbox 905 2723 1092 2788; x_wconf 90' lang='lat' dir='ltr'><strong>quidem</strong></span> <span class='ocrx_word' id='word_1_293' title='bbox 1123 2723 1355 2786; x_wconf 88' lang='lat' dir='ltr'><strong>odissent,</strong></span> <span class='ocrx_word' id='word_1_294' title='bbox 1383 2722 1468 2772; x_wconf 93' lang='lat' dir='ltr'><strong>sed</strong></span> <span class='ocrx_word' id='word_1_295' title='bbox 1494 2729 1651 2771; x_wconf 88' lang='lat' dir='ltr'><strong>tamen</strong></span> <span class='ocrx_word' id='word_1_296' title='bbox 1677 2723 1776 2771; x_wconf 84' lang='lat' dir='ltr'><strong>exi·</strong></span> 
     </span>
     <span class='ocr_line' id='line_1_38' title="bbox 120 2791 1776 2857; baseline -0.001 -17"><span class='ocrx_word' id='word_1_297' title='bbox 120 2794 436 2842; x_wconf 85' lang='lat' dir='ltr'><strong>stimarentur.</strong></span> <span class='ocrx_word' id='word_1_298' title='bbox 540 2793 652 2840; x_wconf 89' lang='lat' dir='ltr'><strong>ovio</strong></span> <span class='ocrx_word' id='word_1_299' title='bbox 681 2792 848 2841; x_wconf 89' lang='lat' dir='ltr'><strong>Prisco</strong></span> <span class='ocrx_word' id='word_1_300' title='bbox 885 2808 973 2857; x_wconf 91' lang='lat' dir='ltr'><strong>per</strong></span> <span class='ocrx_word' id='word_1_301' title='bbox 999 2793 1249 2842; x_wconf 90' lang='lat' dir='ltr'><strong>amicitiam</strong></span> <span class='ocrx_word' id='word_1_302' title='bbox 1278 2793 1522 2854; x_wconf 85' lang='lat' dir='ltr'><strong>Senecae,</strong></span> <span class='ocrx_word' id='word_1_303' title='bbox 1562 2798 1608 2840; x_wconf 89' lang='lat' dir='ltr'><strong>et</strong></span> <span class='ocrx_word' id='word_1_304' title='bbox 1633 2791 1776 2841; x_wconf 88' lang='lat' dir='ltr'><strong>Glitio</strong></span> 
     </span>
     <span class='ocr_line' id='line_1_39' title="bbox 120 2860 1778 2925; baseline -0.001 -15"><span class='ocrx_word' id='word_1_305' title='bbox 120 2860 257 2910; x_wconf 84' lang='lat' dir='ltr'><strong>Gallo</strong></span> <span class='ocrx_word' id='word_1_306' title='bbox 296 2869 437 2925; x_wconf 87' lang='lat' dir='ltr'><strong>atque</strong></span> <span class='ocrx_word' id='word_1_307' title='bbox 473 2861 629 2909; x_wconf 85' lang='lat' dir='ltr'><strong>Annio</strong></span> <span class='ocrx_word' id='word_1_308' title='bbox 665 2861 870 2910; x_wconf 89' lang='lat' dir='ltr'><strong>Pollioni</strong></span> <span class='ocrx_word' id='word_1_309' title='bbox 909 2862 1144 2910; x_wconf 79' lang='lat' dir='ltr'><strong>infamatis</strong></span> <span class='ocrx_word' id='word_1_310' title='bbox 1174 2862 1328 2924; x_wconf 86' lang='lat' dir='ltr'><strong>magis</strong></span> <span class='ocrx_word' id='word_1_311' title='bbox 1367 2875 1507 2924; x_wconf 86' lang='lat' dir='ltr'><strong>quam</strong></span> <span class='ocrx_word' id='word_1_312' title='bbox 1543 2861 1778 2910; x_wconf 84' lang='lat' dir='ltr'><strong>convictis</strong></span> 
     </span>
    </p>
   </div>
  </div>
 </body>
</html>
