1976 3224
582 200 757 238 mmm
783 199 908 237 xm.
939 199 1063 237 CAP.
1098 196 1296 241 16—19.
1670 187 1771 244 233

107 329 307 379 defuere
341 330 424 393 qui
460 334 718 390 arguerent
753 327 885 376 viros
912 327 1206 389 'gravitatem
1234 325 1605 388 adseveranteS,
1646 325 1774 389 quod

26 414 31 421 ·
108 399 278 448 domos
301 397 445 446 villas
471 397 518 445 id
543 398 775 461 temporis
813 396 949 459 quasi
977 394 1205 459 praedam
1233 395 1524 444 divisissent.
1575 395 1655 444 alii
1689 410 1772 443 ne·

109 468 386 517 cessitatem
414 465 670 514 adhibitam
701 463 963 514 credebant
987 479 1014 512 a
1040 465 1277 528 principe,
1305 464 1509 513 sceleris
1538 463 1630 512 sibi
1658 478 1772 513 con-

106 537 210 586 scio
236 543 286 584 et
309 536 496 584 veniam
523 541 778 599 sperante,
815 535 856 582 si
881 533 1215 596 largitionibus
1238 534 1580 583 validissimum
1609 549 1769 598 quem·
1793 551 1812 583 ⁵

106 621 199 671 que
226 604 582 655 obstrinxisset.
631 611 678 653 at
702 604 867 653 matris
891 604 962 651 ira
987 602 1116 652 nulla
1142 604 1462 653 munificentia
1489 603 1652 666 leniri,
1688 604 1775 653 sed

106 675 333 740 amplecti
361 673 626 736 Octaviam,
660 673 834 722 crebra
861 674 966 721 cuim
989 673 1154 721 amicis
1180 680 1372 722 secreta
1397 672 1599 737 habere,
1627 689 1775 738 super

105 746 363 808 ingenitam
383 744 627 792 avaritiam
650 742 860 806 undique
886 744 1116 806 pecunias
1145 744 1281 807 quasi
1305 744 1353 791 in
1379 742 1642 792 subsidium
1668 758 1773 792 cor-

102 815 302 878 ripiens,
327 813 545 861 tribunos
572 820 620 861 et
646 813 955 861 centuriones
985 813 1187 861 comiter
1214 815 1475 878 excipere,
1511 814 1699 862 nomina
1727 820 1775 861 et
1846 853 1874 880 a.

103 883 304 932 virtutes
331 881 591 945 nobilium,
635 882 714 946 qui
743 881 884 929 etiam
910 888 1004 929 tum
1041 890 1351 946 supererant,
1388 884 1434 930 in
1471 882 1655 930 honore
1690 882 1770 930 ha·
1791 904 1831 936 10

102 953 239 1015 bere,
266 952 402 1016 quasi
429 958 688 1015 quaereret
717 951 887 999 ducem
913 957 962 998 et
989 958 1169 1014 partes.
1229 953 1472 1014 cognitum
1498 951 1545 1000 id
1571 951 1772 1014 Neroni,

104 1020 435 1086 excubiasque
459 1020 710 1083 militareS,
741 1034 866 1084 quae
892 1026 941 1067 ut
968 1020 1162 1083 coniugi
1188 1022 1495 1084 imperatoris
1523 1020 1650 1084 olim,
1678 1029 1774 1069 tum

103 1099 152 1139 ut
189 1093 326 1139 matri
363 1090 708 1153 servabantur,
749 1096 797 1137 et
829 1088 1095 1139 Germanos
1125 1105 1280 1155 nuper
1306 1089 1509 1153 eund—em
1535 1090 1588 1139 in
1621 1090 1772 1139 hono-

103 1176 204 1209 rem
232 1159 458 1209 custodes
487 1159 674 1211 additos
699 1158 903 1222 degredi
931 1157 1077 1207 iubet.
1128 1175 1186 1208 ac
1211 1175 1272 1208 ne
1302 1166 1446 1209 coetu
1473 1160 1774 1208 salutantium

101 1230 512 1294 frequentaretur,
549 1236 746 1292 separat
782 1227 971 1276 domum
1005 1235 1301 1293 matremque
1329 1230 1559 1278 transfert
1595 1231 1642 1277 in
1669 1244 1774 1278 eam
1791 1247 1831 1280 15

105 1314 226 1363 quae
254 1298 492 1346 Antoniae
517 1297 704 1359 fuerat,
743 1298 964 1361 quotiens
989 1297 1095 1361 ipse
1121 1298 1237 1346 illuc
1258 1300 1544 1361 ventitaret,
1577 1306 1773 1363 saeptus

101 1368 238 1416 turba
268 1367 599 1416 centurionum
626 1374 673 1415 et
698 1374 810 1430 post
834 1366 986 1416 breve
1013 1367 1230 1418 osculum
1257 1368 1550 1432 digrediens.

206 1436 286 1486 19.
323 1435 452 1485 Nihil
488 1451 646 1485 rerum
683 1435 951 1485 mortalium
989 1443 1083 1485 tam
1121 1437 1342 1486 instabile
1389 1453 1445 1486 ac
1487 1438 1662 1486 fluxum
1701 1444 1773 1485 est

104 1521 243 1571 quam
269 1505 392 1555 fama
419 1506 664 1570 potentiae
690 1520 787 1554 non
815 1521 899 1554 sua
920 1507 966 1553 vi
992 1506 1149 1555 nixae.
1183 1508 1335 1555 statim
1355 1507 1574 1555 relictum
1594 1507 1772 1570 Agrip-

105 1577 243 1640 pinae
270 1575 438 1624 limen:
468 1590 609 1623 nemo
636 1574 809 1638 solari,
851 1590 993 1623 nemo
1030 1575 1162 1624 adire
1198 1583 1392 1639 praeter
1430 1591 1610 1640 paucas
1637 1576 1772 1624 femi-

102 1659 217 1705 nas,
253 1659 415 1693 amore
453 1659 510 1693 an
548 1644 659 1692 odio
705 1644 930 1692 incertas.
986 1660 1048 1693 ex
1086 1645 1256 1709 quibus
1295 1653 1397 1694 erat
1431 1645 1563 1694 lunia
1594 1646 1772 1707 Silana,

103 1728 243 1779 quam
271 1714 571 1763 matrimonio
603 1712 658 1763 C.
689 1713 774 1762 Sili
802 1728 827 1762 a
850 1714 1112 1764 Messalina
1139 1714 1389 1778 depulsam
1418 1730 1565 1780 supra
1590 1715 1770 1776 rettuli,
1794 1727 1813 1757 5

102 1784 302 1846 insignis
341 1798 525 1846 genere
557 1783 714 1832 forma
750 1783 973 1846 lascivia,
1014 1791 1062 1832 et
1099 1784 1399 1847 Agrippinae
1437 1784 1514 1833 diu
1550 1799 1772 1848 percara,

103 1866 215 1900 mox
241 1851 446 1900 occultis
472 1854 595 1900 inter
623 1867 706 1900 eas
733 1853 1097 1914 offensionibus,
1128 1855 1237 1917 quia
1258 1855 1472 1916 Sextium
1494 1853 1773 1903 Africanum

102 1921 311 1970 nobilem
336 1921 556 1969 iuvenem
579 1935 605 1968 a
633 1922 808 1984 nuptiis
834 1921 1025 1970 Silanae
1053 1922 1355 1972 deterruerat
1379 1923 1679 1988 Agrippina,
1706 1925 1772 1971 in·

105 1989 322 2055 pudicam
368 1996 415 2038 et
455 1997 738 2053 vergentem
784 1992 916 2038 annis
959 1990 1206 2053 di‘ctitanS,
1263 2006 1360 2041 non
1406 2001 1454 2042 ut
1473 2034 1477 2036 .
1495 1993 1773 2042 Africanum

104 2059 192 2108 sibi
219 2066 498 2124 seponeret,
524 2059 611 2108 sed
640 2073 699 2108 ne
729 2059 902 2123 opibus
938 2067 985 2108 et
1011 2059 1216 2110 orbitate
1243 2061 1436 2111 Silanae
1464 2063 1657 2111 maritus
1686 2076 1770 2126 po·
1792 2071 1832 2104 10

103 2136 298 2177 teretur.
348 2128 431 2178 illa
466 2144 555 2193 spe
588 2128 782 2177 ultionis
818 2128 978 2178 oblata
1011 2137 1146 2193 parat
1179 2138 1492 2181 accusatores
1529 2146 1591 2179 ex
1626 2131 1772 2179 clien-

102 2198 228 2247 tibus
268 2199 391 2260 suis,
426 2197 620 2246 Iturium
658 2205 706 2247 et
738 2197 1025 2260 Calvisium,
1066 2213 1161 2248 non
1189 2207 1354 2250 vetera
1382 2208 1428 2250 et
1455 2202 1651 2264 saepius
1681 2201 1772 2248 iam

104 2267 260 2316 audita
298 2267 552 2330 deferenS,
592 2267 721 2331 quod
756 2267 1016 2317 Britannici
1051 2277 1251 2318 mortem
1294 2270 1486 2333 lugeret
1520 2277 1598 2319 aut
1631 2269 1772 2319 Octa·

103 2337 210 2385 viae
234 2337 430 2385 iniurias
462 2336 730 2399 evulgaret,
759 2337 846 2385 sed
872 2337 1190 2387 destinavisse
1218 2355 1322 2388 eam
1341 2339 1613 2389 Rubellium
1635 2339 1770 2388 Plau·

103 2412 226 2468 tum,
271 2421 360 2469 per
394 2412 655 2454 maternam
699 2408 935 2469 originem
978 2408 1079 2471 pari
1125 2423 1182 2457 ac
1213 2408 1347 2458 Nero
1384 2410 1534 2472 gradu
1582 2424 1608 2457 a
1659 2409 1770 2456 divo
1792 2414 1830 2445 1⁵

102 2474 351 2538 Auguste,
404 2474 462 2523 ad
496 2489 576 2523 res
619 2490 770 2524 novas
804 2476 1043 2525 extollere
1085 2479 1406 2542 coniugioque
1451 2478 1553 2526 eius
1595 2485 1644 2525 et
1683 2479 1774 2525 iam

103 2545 305 2608 imperio
336 2557 437 2591 rem
477 2542 713 2607 publicam
745 2558 908 2593 rursus
939 2546 1181 2595 invadere.
1232 2547 1355 2596 haec
1379 2547 1551 2596 Iturius
1590 2553 1637 2594 et
1664 2545 1771 2594 Cal·

103 2614 252 2662 visius
281 2613 519 2675 Atimeto,
565 2611 803 2662 Domitiae
839 2613 1046 2663 Neronis
1083 2617 1252 2664 amitae
1289 2616 1491 2677 libert0,
1538 2616 1771 2679 aperiunt.

106 2682 183 2744 qui
214 2682 370 2731 laetus
402 2681 578 2730 oblatis
606 2683 814 2747 (quippe
844 2684 966 2731 iuter
1002 2684 1318 2747 Agrippinam
1345 2693 1391 2733 et
1417 2684 1669 2733 Domitiam
1707 2686 1771 2732 in-

104 2749 241 2799 sensa
277 2751 531 2800 aemulatio
573 2750 920 2814 exercebatur)
959 2751 1179 2801 Paridem
1209 2753 1514 2815 histrionem,
1551 2753 1770 2802 libertum
1788 2761 1832 2794 2⁰

107 2825 155 2934 {t
169 2834 334 2942 1ipsum
358 2820 622 2883 Domitiae,
658 2820 840 2883 impulit
881 2820 950 2868 ire
988 2835 1201 2920 propere
1231 2826 1507 2886 crimenque
1546 2824 1774 2872 atrociter

141 2901 167 2935 e
193 2902 300 2938 erre
641 2920 644 2922 v
