2008 3230
588 197 764 232 LIBER
789 197 825 233 Ι.
859 196 984 233 CAP.
1006 193 1206 237 72—76.
1704 184 1771 233 37

101 341 241 391 quam
267 334 440 389 postea
468 323 711 379 celebrem
738 325 958 372 miseriae
983 331 1251 388 temporum
1278 331 1324 372 et
1359 323 1586 372 audaciae
1621 322 1770 370 homi-

98 411 208 444 num
242 394 478 442 fecerunt.
542 408 650 442 nam
686 408 867 455 egens,
902 395 1122 456 ignotus,
1168 394 1382 456 inquies,
1424 393 1531 441 dum
1567 392 1811 441 occultiss

97 465 279 513 libellis
321 465 553 512 saevitiae
595 463 827 528 principis
869 463 1080 527 adrepit,
1127 477 1241 511 mox
1287 464 1555 511 clarissimo
1600 464 1773 525 cuique

39 546 50 554 ’
98 534 365 600 periculum
389 535 616 595 facessit,
643 534 906 597 potentiam
934 532 1060 596 apud
1088 549 1252 596 unum,
1282 532 1439 582 odium
1467 532 1592 597 apud
1622 533 1774 580 omnis

99 604 302 668 adeptus
329 603 458 652 dedit
485 603 782 667 exemp-lum,
814 602 943 666 quod
973 604 1124 650 secuti
1159 618 1221 650 ex
1260 602 1550 668 pauperibus
1580 602 1772 663 diviteS,

99 690 162 722 ex
199 673 488 739 contemptis
522 672 761 720 metuendi
803 673 1069 736 perniciem
1105 672 1210 720 aliis
1257 688 1315 721 ac
1350 680 1643 737 postremum
1683 670 1774 719 sibi

97 746 344 792 invenere.
403 742 491 791 sed
527 742 808 791 Marcellum
853 741 1155 790 insimulabat
1205 743 1426 790 sinistros
1473 742 1531 790 de
1575 741 1770 791 Tiberio
1790 751 1830 783 10

98 828 349 862 sermones
382 812 627 874 habuisse,
656 812 932 859 inevitabile
965 813 1161 874 crimen,
1191 827 1295 860 cum
1325 827 1386 859 ex
1411 811 1623 859 moribus
1644 812 1771 875 prin·

98 883 221 948 cipis
262 882 542 931 foedissima
583 897 802 946 quaeque
840 882 1080 944 deligeret
1119 890 1374 930 accusator
1405 881 1772 944 obiectaretque

95 968 202 1002 reo,
257 968 363 1002 nam
392 953 501 1017 quia
533 967 651 1000 vera
688 959 850 1013 erant,
879 953 1019 999 etiam
1046 951 1172 999 dicta
1210 951 1545 999 credebantur.
1597 949 1774 998 addidit

94 1023 248 1087 Hispo
276 1030 476 1072 statuam
501 1021 719 1070 Marcelli
746 1022 886 1069 altius
928 1037 1067 1084 quam
1097 1020 1358 1069 Caesarum
1386 1022 1551 1083 sitam,
1591 1028 1638 1068 et
1679 1019 1773 1067 alia

95 1095 143 1141 in
178 1100 332 1141 statua
369 1100 610 1156 amputato
648 1092 807 1155 capite
841 1091 1048 1153 Augusti
1088 1091 1300 1153 effigiem
1337 1090 1518 1139 Tiberii
1561 1089 1770 1137 inditam.
1789 1103 1826 1135 15

97 1163 156 1212 ad
187 1161 315 1227 quod
341 1164 522 1210 exarsit
553 1161 699 1224 ade0,
737 1168 785 1208 ut
821 1169 961 1224 rupta
997 1161 1318 1209 taciturnitate
1358 1160 1682 1225 proclamaret
1717 1174 1770 1207 se

98 1247 290 1297 quoque
319 1233 366 1279 in
392 1247 449 1279 ea
479 1246 623 1279 causa
650 1231 850 1278 laturum
877 1232 1162 1279 sententiam
1184 1231 1340 1295 palam
1361 1239 1408 1278 et
1428 1232 1647 1291 iuratum,
1677 1243 1771 1292 quo

98 1303 274 1351 ceteris
303 1301 470 1350 eadem
497 1302 762 1349 necessitas
793 1301 945 1348 tieret.
995 1300 1250 1349 manebant
1281 1302 1421 1349 etiam
1446 1307 1544 1348 tum
1564 1300 1772 1361 vestigia

96 1372 345 1420 morientis
372 1371 621 1419 libertatis.
690 1368 943 1432 igitunCn.
969 1370 1082 1419 Piso
1114 1372 1269 1435 ‘quo'
1297 1371 1448 1433 inquit
1486 1369 1632 1417 <loco
1662 1384 1771 1416 cen-

97 1440 245 1503 sebiS,
275 1438 491 1489 Caesar?
519 1441 559 1488 si
579 1442 777 1505 primuS,
810 1439 1000 1489 habebo
1025 1440 1154 1504 quod
1176 1455 1377 1503 sequar:
1409 1441 1448 1487 si
1470 1447 1583 1504 post
1601 1439 1770 1500 omniS,
1788 1455 1831 1488 20

95 1524 274 1560 vereor
308 1525 370 1558 ne
404 1510 665 1575 inprudens
694 1509 1006 1558 dissentiam.2
1066 1518 1311 1575 permotus
1348 1510 1451 1571 his,
1497 1516 1773 1572 quantoque
1848 1537 1869 1554 ,ω

95 1582 328 1629 incautius
367 1581 652 1641 effer-verat,
692 1580 982 1644 paenitentia
1021 1582 1209 1644 patiens
1258 1580 1362 1628 tulit
1409 1578 1598 1627 absolvi
1640 1592 1773 1626 reum
1847 1598 1862 1607 ν

99 1650 371 1699 criminibus
408 1651 694 1699 maiestatis:
734 1650 792 1697 de
833 1651 1052 1713 pecuniis
1079 1649 1358 1715 repetundis
1387 1649 1444 1698 ad
1474 1650 1771 1713 reciperato-

94 1735 177 1769 res
204 1721 316 1768 itum
347 1727 437 1768 est.

202 1791 285 1839 75.
323 1789 430 1838 Nec
453 1798 638 1854 patrum
667 1789 1026 1852 cognitionibus
1063 1790 1259 1837 satiatus
1299 1788 1485 1837 iudiciis
1522 1787 1773 1836 adsidebat

95 1861 143 1908 in
166 1874 316 1908 cornu
349 1859 623 1920 tribunalis,
664 1875 725 1906 ne
767 1867 1042 1923 praetorem
1081 1859 1233 1906 curuli
1269 1858 1564 1923 depelleret;
1604 1858 1770 1906 multa-

96 1944 191 1993 que
228 1943 288 1977 eo
317 1943 477 1977 coram
509 1929 742 1976 adversus
769 1928 990 1976 ambitum
1015 1936 1068 1984 et¹
1089 1930 1351 1992 potentium
1380 1943 1558 1991 preces
1595 1928 1769 1976 consti-

95 2006 210 2047 tuta.
279 2006 353 2046 set
402 1998 508 2046 dum
545 1999 734 2046 veritati
776 1992 1069 2060 consulitur,
1116 1997 1314 2046 libertas
1358 1996 1769 2061 corrumpebatur.

95 2068 220 2116 inter
244 2083 367 2132 quae
395 2068 505 2116 Pius
533 2067 762 2115 Aurelius
791 2075 986 2116 senator
1014 2075 1210 2131 questus
1240 2067 1368 2115 mole
1406 2067 1627 2130 publicae
1662 2067 1770 2114 viae
1789 2091 1808 2122 5

95 2137 335 2201 ductuque
367 2153 593 2201 aquarum
620 2136 884 2185 labefactas
918 2137 1051 2186 aedis
1082 2152 1210 2198 suas,
1246 2136 1471 2185 auxilium
1498 2144 1680 2200 patrum
1705 2136 1771 2183 in-

95 2207 318 2265 vocabat.
372 2207 708 2255 resistentibus
758 2208 931 2254 aerarii
980 2206 1282 2271 praetoribus
1331 2206 1552 2254 subvenit
1590 2204 1772 2254 Caesar

99 2278 397 2341 pretiumque
434 2277 618 2326 aedium
662 2276 862 2324 Aurelio
899 2276 1084 2337 tribuit,
1124 2276 1400 2339 erogandae
1441 2291 1530 2340 per
1568 2276 1771 2324 honesta

82 2348 332 2410 -pecuniae
370 2348 596 2410 cupiens,
637 2362 776 2410 quam
813 2347 1029 2394 virtutem
1066 2346 1142 2394 diu
1174 2347 1391 2408 retinuit,
1440 2361 1544 2394 cum
1583 2352 1770 2393 ceteras

98 2423 314 2464 exueret.
372 2416 629 2480 Propertio
659 2414 822 2464 Celeri
849 2418 1111 2480 praetorio,
1140 2417 1328 2464 veniam
1360 2416 1540 2464 ordinis
1572 2414 1633 2463 ob
1657 2430 1767 2477 pau·
1787 2436 1827 2467 10

99 2493 334 2550 pertatem
368 2486 577 2550 petenti,
606 2485 805 2533 deciens
831 2487 1104 2533 sestertium
1141 2485 1344 2547 largitus
1378 2493 1479 2546 est,
1512 2486 1628 2533 satis
1657 2498 1769 2531 con-

102 2563 238 2620 perto
287 2563 510 2619 paternas
548 2555 593 2602 ei
639 2555 885 2617 angustias
924 2570 1051 2602 esse.
1115 2555 1391 2619 temptantis
1441 2553 1609 2601 eadem
1649 2553 1771 2600 alios

99 2623 308 2688 probare
340 2638 530 2672 causam
554 2624 739 2672 senatui
757 2624 909 2685 iussit,
940 2624 1162 2687 cupidine
1183 2624 1456 2671 severitatis
1481 2624 1527 2669 in
1548 2623 1606 2669 iis
1629 2623 1770 2670 etiam

100 2708 223 2756 quae
249 2695 339 2742 rite
368 2694 555 2742 faceret
585 2692 807 2742 acerbuS.
858 2692 982 2740 unde
1025 2693 1176 2740 ceteri
1221 2692 1460 2739 silentium
1490 2699 1537 2739 et
1562 2706 1767 2756 pauper-

96 2769 243 2811 tatem
273 2763 566 2812 confessioni
594 2769 642 2810 et
672 2761 911 2810 beneficio
937 2776 1288 2825 praeposuere.
1785 2777 1825 2808 15

205 2832 287 2882 76.
325 2831 511 2880 Eodem
537 2845 660 2880 anno
690 2832 928 2879 continuis
954 2830 1182 2879 imbribus
1212 2839 1374 2878 auctus
1401 2829 1590 2878 Tiberis
1627 2830 1769 2894 plana

99 2899 231 2948 urhis
257 2898 590 2964 stagnave‘rat;
616 2900 914 2951 relabentem
939 2907 1204 2948 secuta-est
1241 2900 1565 2948 aedificiorum
1598 2907 1646 2947 et
1681 2899 1766 2948 ho·
