2008 3230
205 117 238 168 8
635 124 911 162 CORNELII
932 124 1127 162 TACITI
1148 124 1455 162 ANNALIUM

206 255 428 304 lescente
450 254 636 318 privato
661 253 944 315 exercitum,
968 261 1222 318 corruptas
1243 256 1456 306 consulis
1480 256 1722 319 legiones,
1743 258 1886 306 simu-

163 340 184 372 5
208 324 352 374 latam
378 323 775 387 Pompeianarum
800 325 1004 387 gratiam
1037 325 1264 389 partium;
1299 340 1414 375 mox
1446 325 1528 374 ubi
1563 326 1764 376 decreto
1801 342 1885 392 pa·

208 402 331 444 trum
357 395 519 443 fasces
547 400 595 441 et
620 393 693 442 ius
718 394 959 458 praetoris
986 395 1232 458 invaserit,
1261 397 1420 445 caesis
1446 395 1598 444 Hirtio
1637 405 1686 446 et
1711 397 1881 457 Pansa,

208 465 313 514 sive
344 464 496 513 hostis
525 463 656 526 illos,
686 478 774 512 seu
803 463 1003 513 Pansam
1027 466 1263 514 venenum
1301 466 1486 515 vulneri
1527 466 1772 529 adfusum,
1812 468 1883 516 sui

206 535 381 584 milites
407 533 609 583 Hirtium
635 541 684 582 et
710 533 1006 584 machinator
1033 535 1133 584 doli
1161 534 1344 585 Caesar
1381 536 1672 599 abstulerat,
1712 537 1884 585 utrius·

210 620 304 670 que
333 605 498 669 copias
526 605 875 669 occupavisse:
909 612 1149 653 extortum
1178 606 1327 655 invito
1364 614 1530 655 senatu
1568 606 1882 667 consulatum,

151 689 192 722 10
211 688 438 739 armaque
476 689 602 740 quae
635 675 684 722 in
721 673 980 723 Antonium
1016 677 1268 739 acceperit
1304 684 1471 725 contra
1507 691 1610 725 rem
1643 676 1884 758 publicam

209 760 384 801 versa;
413 745 819 810 proscriptionem
850 745 1048 808 civium,
1083 744 1346 808 divisiones
1377 760 1629 810 agrorum,
1669 762 1730 794 ne
1766 747 1883 810 ipsis

209 814 401 879 quidem
428 816 508 897 qui
531 814 700 863 fecere
730 814 962 864 laudatas.
1013 830 1131 864 sane
1161 813 1315 864 Cassii
1353 823 1402 865 et
1438 816 1691 865 Brutorum
1728 818 1885 865 exitus

207 886 423 949 paternis
448 885 705 934 inimicitiis
734 884 891 947 datos,
923 899 1206 949 quamquam
1242 886 1316 935 fas
1353 887 1414 934 sit
1449 887 1636 949 privata
1658 887 1768 935 odia
1795 901 1880 950 pu-

207 954 351 1004 blicis
371 955 655 1005 utilitatibus
675 956 947 1003 remittere:
970 955 1058 1004 sed
1079 955 1392 1020 Pompeium’
1379 957 1586 1018 imagine
1610 957 1766 1022 pach,
1795 955 1883 1006 sed

148 1044 192 1076 15
208 1023 441 1089 Lepidum
468 1027 637 1090 specie
673 1028 911 1076 amicitiae
947 1027 1210 1091 deceptos:
1248 1035 1360 1092 post
1385 1027 1668 1088 Antonium,
1706 1026 1883 1075 Taren-

207 1095 305 1143 tino
333 1094 718 1161 Brundisinoque
746 1098 949 1146 foedere
978 1105 1026 1146 et
1050 1097 1224 1161 nuptiis
1261 1098 1446 1145 sororis
1483 1096 1738 1158 inlectum,
1774 1094 1884 1144 sub·

208 1164 353 1214 dolae
387 1165 644 1215 adfinitatis
673 1181 857 1232 poenas
887 1175 1041 1215 morte
1071 1168 1361 1216 exsolvisse.
1411 1182 1582 1230 pacem
1613 1168 1716 1214 sine
1740 1164 1884 1214 dubio

208 1242 321 1299 post
352 1235 501 1298 haec,
538 1253 706 1286 verum
745 1244 1015 1286 cruentam:
1054 1236 1297 1286 Lollianas
1331 1236 1666 1299 Varianasque
1700 1235 1883 1295 cladeS‚

206 1305 493 1354 interfectos
526 1305 710 1357 Romae
730 1307 997 1369 Varrones,
1026 1305 1288 1370 Egnati05‚
1316 1306 1465 1355 Iulos,
1491 1320 1584 1354 nec
1607 1303 1886 1354 domesticis

149 1392 193 1425 20
212 1374 569 1426 abstinebatur:
598 1377 803 1427 abducta
828 1376 1010 1442 Neroni
1035 1392 1158 1425 uxor
1184 1385 1232 1426 et
1258 1376 1465 1426 consulti
1505 1390 1595 1439 per
1630 1375 1886 1424 ludibrium

208 1445 467 1509 pontifices
491 1463 549 1495 an
576 1455 817 1512 concepto
849 1447 1054 1495 necdum
1093 1447 1221 1496 edito
1260 1454 1400 1511 partu
1435 1447 1529 1494 rite
1565 1444 1792 1501 nuberet;
1823 1444 1882 1504 Q

208 1513 345 1564 'redii
374 1523 422 1564 et
447 1515 591 1565 Vedii
622 1517 854 1572 Pollionis
882 1518 1049 1573 luxus:
1088 1524 1334 1581 postremo
1362 1516 1494 1564 Livia
1524 1516 1687 1579 gravis
1712 1516 1759 1562 in
1783 1529 1885 1562 rem

207 1583 453 1649 publicam
478 1594 648 1650 mater,
677 1589 841 1651 gravis
871 1587 1029 1636 domui
1057 1586 1318 1636 Caesarum
1344 1601 1574 1634 noverca.
1621 1585 1738 1634 nihil
1768 1584 1883 1634 deo-

209 1669 311 1703 rum
337 1654 601 1706 honoribus
628 1658 878 1716 relictum,
909 1673 1014 1705 cum
1041 1673 1093 1705 se
1133 1657 1329 1721 templis
1367 1664 1415 1704 et
1448 1656 1613 1719 effigie
1650 1656 1884 1703 numinum

148 1746 193 1779 25
207 1739 298 1789 per
325 1724 542 1774 flamines
570 1734 619 1775 et
652 1727 939 1777 sacerdotes
977 1727 1073 1775 coli
1108 1727 1273 1777 vellet.
1326 1742 1387 1774 ne
1414 1726 1658 1774 Tiberium
1695 1724 1882 1788 quidem

210 1794 409 1844 caritate
445 1802 537 1845 aut:
562 1797 634 1845 rei
677 1797 901 1862 publicae
941 1812 1055 1845 cura
1095 1811 1438 1845 successorem
1473 1795 1739 1856 adscitum,
1796 1792 1884 1841 sed

210 1865 433 1928 quoniam
460 1866 791 1930 adrogantiam
826 1867 1174 1931 saevitiamque
1211 1868 1312 1914 eius
1345 1867 1717 1930 introspexerit,
1755 1878 1882 1912 com·

209 1935 461 1999 paratione
490 1935 749 1986 deterrima
777 1936 867 1985 sibi
898 1936 1104 1999 gloriam
1132 1937 1453 2001 quaesivisse.
1507 1936 1683 1984 etenim
1718 1933 1881 1996 Augu·

210 2011 329 2053 stus
338 2005 507 2069 paucis
543 2014 652 2056 ante
686 2007 847 2070 annis,
885 2022 990 2054 cum
1026 2006 1220 2055 Tiberio
1257 2005 1558 2054 tribuniciam
1593 2011 1883 2069 potestatem

151 2088 237 2130 goa
279 2075 497 2139 patribus
536 2091 724 2125 rursum
763 2076 1059 2141 postularet,
1110 2091 1391 2139 quamquam
1426 2076 1608 2123 honora
1645 2075 1880 2133 oratione,

212 2144 446 2209 quaedam
473 2145 533 2194 de
566 2146 727 2196 habitu
760 2147 986 2209 cultuque
1024 2154 1073 2194 et
1113 2147 1336 2194 institutis
1375 2147 1477 2193 eius
1515 2146 1726 2205 iecerat,
1759 2157 1882 2207 quae

209 2214 344 2262 velut
368 2217 646 2265 excusando
678 2215 1016 2280 exprobraret.
1072 2222 1284 2264 ceterum
1321 2215 1568 2278 sepultura
1601 2223 1735 2261 more
1771 2228 1880 2276 per-

209 2282 339 2331 fecta
365 2286 592 2348 templum
620 2293 668 2334 et
696 2286 940 2335 caelestes
965 2285 1231 2348 religiones
1257 2285 1593 2333 decernuntur.

319 2353 402 2402 11.
439 2353 627 2403 Versae
653 2356 763 2404 inde
792 2355 852 2404 ad
879 2353 1121 2403 Tiberium
1147 2351 1354 2418 preces.
1411 2360 1461 2402 et
1496 2353 1582 2402 ille
1618 2353 1754 2401 varie
1788 2351 1881 2399 dis·

211 2422 410 2471 serebat
449 2424 509 2472 de
546 2425 869 2488 magnitudine
903 2424 1116 2487 imperii,
1156 2439 1239 2472 sua
1276 2424 1530 2472 modestia.
1599 2422 1751 2471 solam
1787 2420 1882 2469 divi

212 2492 418 2555 Augusti
441 2502 647 2542 mentem
675 2502 833 2543 tantae
875 2494 1015 2542 molis
1053 2509 1310 2557 capacem:
1351 2509 1404 2541 se
1443 2494 1489 2540 in
1525 2500 1710 2557 partem
1747 2504 1879 2539 cura·

211 2576 313 2610 rum
363 2562 422 2610 ab
466 2563 550 2612 illo
595 2571 817 2613 vocatum
864 2564 1162 2628 experiendo
1205 2563 1430 2612 didicisse
1478 2577 1619 2627 quam
1665 2560 1880 2619 arduum,

171 2652 191 2683 τ)
214 2646 353 2695 quam
392 2633 657 2682 subiectum
691 2634 913 2682 fortunae
948 2634 1150 2695 regendi
1193 2639 1364 2681 cuncta
1403 2646 1538 2680 onus,
1600 2629 1801 2695 proinde
1833 2629 1880 2675 in

213 2702 403 2749 civitate
429 2710 499 2751 tot
524 2704 801 2752 inlustribus
832 2705 947 2751 viris
973 2704 1173 2754 subnixa
1199 2720 1293 2753 non
1330 2704 1388 2754 ad
1426 2720 1564 2754 unum
1604 2700 1759 2751 omnia
1796 2698 1876 2746 de-

210 2768 420 2819 ferrent:
449 2772 615 2835 plures
643 2773 834 2822 facilius
868 2774 1022 2823 munia
1052 2776 1123 2823 rei
1151 2775 1375 2839 publicae
1404 2776 1599 2825 sociatis
1627 2775 1877 2823 laboribus

213 2848 549 2889 exsecuturos.
610 2843 720 2907 plus
748 2844 795 2891 in
822 2844 1040 2892 oratione
1066 2845 1148 2893 tali
1175 2845 1415 2908 dignitatis
1444 2860 1584 2910 quam
1610 2846 1720 2895 lidei
1747 2854 1875 2895 erat3
