1976 3224
208 175 342 249 ι194
691 209 968 249 cosman
1002 211 1198 250 TAcm
1231 212 1539 251 ANNALIUM

235 340 364 388 iuxta
401 339 513 387 levi.
581 353 703 401 ergo
742 338 1028 403 NarcissuS,
1069 340 1332 405 adsumptis
1372 341 1543 405 quibus
1583 342 1708 390 idem
1743 350 1915 405 metus,

235 425 330 458 non
362 410 502 458 aliam
531 424 667 473 spem
698 409 1039 458 incolumitatis
1071 410 1295 459 Caesaris
1322 411 1562 474 adfirmat,
1603 427 1741 476 quam
1767 414 1807 460 si
1842 414 1914 461 ius

196 501 217 532 5
235 480 432 528 militum
459 494 554 528 uno
582 478 665 527 illo
695 477 771 526 die
799 481 845 527 in
873 479 1080 543 aliquem
1108 481 1389 529 libertorum
1415 482 1721 546 transferret,
1762 498 1912 547 seque

238 550 381 599 offert
408 556 760 613 suscepturum.
810 564 867 597 ac
894 565 972 613 ne,
1003 550 1109 598 dum
1138 552 1184 598 in
1212 550 1380 600 urbem
1407 551 1678 615 revehitur,
1710 551 1768 601 ad
1799 567 1913 617 pae-

235 621 478 669 nitentiam
505 635 530 668 a
556 618 607 667 L.
636 618 835 666 Vitellio
865 626 913 668 et
938 620 1096 683 Largo
1127 619 1336 670 Caecina
1362 629 1640 686 mutaretur,
1666 623 1714 670 in
1740 621 1912 671 eodem

235 691 502 754 gestamine
532 688 696 737 sedem
730 690 888 752 poscit
915 692 1168 754 sumitque.

336 761 419 810 34.
460 758 645 808 Crebra
677 758 935 822 posthaec
967 760 1091 808 fama
1122 761 1234 824 fuit,
1276 761 1400 809 inter
1426 761 1646 810 diversas
1677 763 1911 827 principis

234 845 415 894 voceS,
445 845 548 878 cum
574 828 716 877 modo
744 830 989 878 incusaret
1018 831 1198 893 flagitia
1225 832 1416 894 uxoriS,
1447 830 1702 896 aliquando
1730 831 1790 880 ad
1814 846 1910 880 me-

233 902 431 949 moriam
473 900 684 962 coniugii
735 906 782 946 et
814 899 1059 948 infantium
1095 900 1355 949 liberorum
1390 901 1757 965 revolveretur,
1816 915 1911 950 non

234 971 360 1021 aliud
397 969 704 1036 prolocutum
743 969 988 1018 Vitellium
1032 985 1171 1035 quam
1207 973 1264 1018 ‘o
1291 970 1499 1021 facinus!
1542 985 1570 1020 o
1597 971 1816 1020 scelusl'
1843 973 1910 1020 in-

193 1064 213 1096 5
236 1041 394 1092 stabat
423 1039 613 1106 quidem
643 1038 902 1088 Narcissus
932 1041 1125 1104 aperire
1151 1040 1381 1103 ambages
1421 1048 1468 1089 et
1493 1042 1599 1090 veri
1626 1043 1815 1106 copiam
1840 1042 1910 1090 fa-

234 1127 373 1162 cere:
408 1109 495 1159 sed
521 1124 618 1158 non
643 1108 754 1158 ideo
782 1111 1008 1175 pervicit,
1037 1111 1150 1175 quin
1173 1126 1410 1176 suspensa
1431 1118 1478 1160 et
1504 1126 1599 1175 quo
1622 1110 1912 1160 ducerentur

232 1182 515 1231 inclinatura
544 1178 870 1244 responderet
898 1180 1224 1245 exemploque
1250 1183 1353 1230 eius
1374 1181 1559 1245 Largus
1582 1180 1791 1231 Caecina
1809 1189 1910 1231 ute·

230 1259 378 1303 retur.
426 1258 473 1300 et
500 1252 591 1299 iam
619 1256 721 1298 erat
745 1250 792 1298 in
822 1258 1025 1317 aspectu
1043 1250 1306 1301 Messalina
1330 1251 1700 1316 clamitabatque
1725 1249 1910 1301 audiret

232 1322 463 1372 Octaviae
501 1328 549 1370 et
584 1320 846 1369 Britannici
881 1328 1108 1385 matrem,
1148 1337 1254 1371 cum
1292 1321 1601 1387 obstreperet
1636 1328 1909 1383 accusator,

175 1411 215 1444 ιο
234 1393 399 1443 Silium
427 1398 475 1440 et
496 1391 686 1455 nuptias
713 1391 960 1447 referens;
1002 1391 1141 1440 simul
1172 1391 1428 1442 codicillos
1453 1391 1699 1450 libidinum
1726 1391 1910 1440 indices

229 1462 434 1526 tradidit,
465 1463 571 1527 quis
591 1463 722 1510 visus
750 1459 976 1511 Caesaris
997 1469 1257 1511 averteret.
1302 1478 1395 1512 nec
1422 1462 1569 1511 multo
1597 1469 1711 1527 post
1742 1461 1909 1510 urbem

228 1532 521 1598 ingredienti
550 1531 877 1582 offerebantur
905 1547 1182 1581 communes
1202 1532 1362 1597 liberi,
1390 1533 1479 1581 nisi
1497 1532 1757 1591 Narcissus
1780 1546 1908 1581 amo-

228 1604 335 1653 veri
376 1618 464 1653 eos
501 1603 739 1651 iussisset.
781 1602 1019 1653 Vibidiam
1047 1602 1302 1668 depellere
1337 1604 1577 1667 nequivit,
1617 1603 1728 1667 quin
1763 1601 1907 1650 multa

233 1690 336 1724 cum
375 1672 553 1722 invidia
587 1673 851 1738 flagitaret,
891 1689 952 1723 ne
987 1672 1238 1722 indefensa
1274 1675 1484 1721 coniunx
1519 1673 1669 1721 exitio
1697 1671 1906 1720 daretur.

172 1746 372 1808 15igitur
408 1743 672 1792 auditurum
710 1745 979 1809 principem
1019 1750 1066 1792 et
1101 1743 1209 1792 fore
1236 1742 1445 1792 diluendi
1473 1742 1683 1792 criminis
1707 1740 1885 1790 faculta

228 1823 324 1865 tem
347 1812 624 1879 respondit:
651 1813 745 1862 iret
768 1815 958 1863 interim
986 1815 1128 1877 virgo
1159 1821 1205 1862 et
1231 1828 1370 1862 sacra
1398 1819 1699 1878 capesseret.

338 1885 423 1935 35.
453 1882 623 1933 Mirum
646 1883 771 1932 inter
794 1883 918 1934 haec
955 1884 1192 1933 silentium
1212 1882 1434 1947 Claudii,
1472 1881 1700 1933 Vitellius
1733 1882 1904 1946 ignaro

230 1956 461 2022 propior:
491 1955 648 2003 omnia
670 1953 847 2004 liberto
871 1953 1209 2004 oboediebant.
1250 1955 1470 2019 patelieri
1493 1953 1682 2002 domum
1706 1951 1906 2012 adulteri

214 2034 374 2091 ‘atque
419 2024 534 2073 illuc
572 2023 745 2074 deduci
783 2022 1123 2090 imperatorem
1156 2024 1304 2073 iubet.
1359 2039 1417 2073 ac
1451 2025 1652 2089 primum
1685 2025 1732 2071 in
1761 2023 1905 2071 vesti-

228 2096 342 2146 bulo
382 2095 595 2158 effigiem
632 2097 781 2160 patris
817 2095 921 2145 Silii
957 2095 1178 2145 consulto
1216 2102 1411 2143 senatus
1448 2093 1675 2143 abolitam
1711 2091 1906 2141 demon-

192 2173 375 2229 sstrat,
412 2173 509 2215 tum
550 2165 778 2230 quidquid
814 2166 987 2215 avitum
1016 2165 1292 2215 Neronibus
1326 2172 1375 2213 et
1408 2164 1579 2212 Drusis
1617 2164 1663 2211 in
1701 2164 1904 2227 pretium

230 2236 397 2303 probri
438 2237 668 2285 cessisse.
721 2238 1066 2301 incensumque
1101 2243 1149 2284 et
1185 2235 1242 2285 ad
1276 2236 1426 2283 minas
1461 2239 1788 2299 erumpentem
1827 2247 1903 2281 ca-

231 2308 343 2355 stris
368 2306 530 2368 infert,
558 2313 724 2370 parata
756 2308 982 2355 contione
1010 2305 1229 2363 militum;
1257 2304 1382 2370 apud
1409 2319 1531 2369 quos
1558 2309 1903 2368 praemonente

229 2376 462 2426 Narcisso
489 2390 644 2440 pauca
675 2375 824 2424 verba
849 2377 992 2424 fecit:
1029 2391 1136 2425 nam
1178 2377 1267 2424 etsi
1302 2376 1472 2423 iustum
1503 2374 1721 2423 dolorem
1748 2371 1904 2437 pudor

229 2445 541 2512 impediebat.
601 2446 853 2494 continuus
885 2445 1058 2494 dehinc
1087 2445 1354 2495 cohortium
1382 2445 1564 2494 clamor
1583 2444 1772 2492 nomina
1793 2457 1901 2490 reo-

174 2537 214 2571 10
232 2532 334 2567 rum
373 2524 419 2566 et
454 2530 640 2581 poenas
674 2516 1012 2579 flagitantium;
1050 2515 1362 2580 admotusque
1390 2515 1533 2564 Silius
1557 2512 1781 2562 tribunali
1806 2525 1902 2560 non

231 2587 587 2650 defensionem,
622 2600 719 2635 non
753 2599 914 2634 moras
950 2588 1226 2651 temptavit,
1267 2592 1494 2651 precatus
1529 2591 1577 2632 ut
1604 2597 1733 2631 mors
1758 2581 1900 2630 adce-

228 2658 481 2707 leraretur.
532 2655 699 2705 eadem
729 2658 994 2706 constantia
1034 2664 1080 2705 et
1118 2656 1344 2705 inlustres
1371 2656 1560 2719 equites
1590 2653 1790 2702 Romani
1822 2666 1899 2699 cu-

232 2726 328 2793 pidi
366 2735 578 2777 maturae
614 2727 750 2776 necis
787 2726 992 2775 fuerunt.
1051 2726 1217 2775 Titium
1258 2725 1541 2786 Proculum,
1592 2721 1839 2771 custodem
1873 2736 1899 2769 a

232 2798 351 2846 Silio
386 2797 678 2847 Messalinae
705 2797 860 2846 datum
891 2804 936 2845 et
976 2796 1198 2845 indicium
1228 2797 1532 2855 offerentem,
1570 2793 1781 2841 Vettium
1805 2792 1899 2840 Va

173 2866 409 2916 1⁶lentem
442 2868 716 2917 confessum
755 2875 802 2916 et
840 2867 1118 2932 Pompeium
1144 2865 1373 2916 Urbicum
1409 2879 1467 2912 ac
1509 2861 1749 2910 Saufeium
1783 2860 1899 2910 Tro-

233 2948 344 3001 gum
372 2952 432 2985 ex
462 2941 673 2987 consciis
699 2938 820 2987 tradi
849 2936 905 2985 ad
935 2936 1223 3001 supplicium
1262 2935 1408 2984 iubet.
1459 2933 1664 2980 Decrius
1707 2946 1899 2996 quoque
