1976 3224
255 180 361 230 266
691 189 965 228 CORNELII
989 189 1183 227 TAcrrr
1206 188 1515 227 ANNALIUM

211 337 239 369 r»
260 319 438 368 bellum
480 318 745 382 proferret,
785 325 938 366 morte
976 317 1242 382 prohibitus
1277 324 1374 379 est,
1410 332 1610 380 magna,
1647 317 1754 366 dum
1794 316 1929 378 vixit,

259 389 532 439 severitatis
560 388 683 436 fama
700 425 713 451 ,
742 389 979 452 supremis
1005 389 1274 436 testamenti
1298 386 1461 435 verbis
1491 386 1760 435 ambitionis
1784 385 1929 434 mani·

257 460 438 508 festus:
486 459 665 523 quippe
711 458 856 506 multa
903 460 950 506 in
994 457 1239 506 Neronem
1283 457 1556 506 adulatione
1597 455 1774 506 addidit
1820 453 1929 504 sub·

256 531 491 578 iecturum
524 529 567 576 ei
599 528 896 592 provinciam
932 528 1108 591 fuisse,
1151 528 1191 576 si
1230 526 1424 576 biennio
1459 527 1682 592 proximo
1709 525 1928 574 vixisset.

258 598 345 648 sed
389 606 483 646 tum
527 597 751 647 Paulinus
797 598 1055 647 Suetonius
1106 596 1353 646 obtinebat
1394 596 1676 659 Britannos,
1730 596 1931 644 scientia

192 684 242 718 <10
257 669 453 718 militiae
493 675 539 716 et
572 682 764 716 rumore
800 668 999 734 populi,
1047 669 1124 732 qui
1162 668 1397 716 neminem
1435 668 1538 716 sine
1578 666 1766 716 aemulo
1802 665 1928 726 sinit,

259 738 549 788 Corbulonis
571 745 895 801 concertator,
925 732 1252 803 receptaeque
1273 736 1531 786 Armeniae
1553 736 1702 786 decus
1722 748 1931 800 aequare

257 808 446 858 domitis
474 807 806 873 perduellibus
835 809 1051 873 cupiens.
1105 809 1249 872 igitur
1275 807 1465 856 Monam
1492 806 1717 870 insulam,
1754 804 1930 854 incolis

255 878 461 928 validam
488 885 537 927 et
560 878 922 943 receptaculum
958 877 1292 942 perfugarum,
1329 877 1528 941 adgredi
1559 883 1721 942 parat,
1758 889 1929 924 naves·

258 964 351 1014 que
375 949 639 997 fabricatur
674 947 819 1012 plano
856 947 998 996 alveo
1028 947 1260 997 adversus
1287 946 1438 996 breve
1468 955 1514 995 et
1549 949 1798 995 incertum.
1859 945 1930 993 sic

190 1035 238 1068 -15
259 1019 435 1084 pedes;
473 1019 661 1081 equites
689 1017 812 1066 vado
842 1018 993 1066 secuti
1027 1026 1105 1066 aut
1134 1018 1329 1066 altiores
1368 1018 1490 1065 inter
1521 1015 1668 1066 undas
1699 1014 1931 1065 adnantes

257 1090 394 1154 equis
419 1089 688 1136 tramisere.

364 1159 448 1209 30.
488 1157 654 1207 Stabat
692 1172 782 1222 pro
818 1158 960 1208 litore
1003 1158 1193 1207 diversa
1231 1159 1389 1219 acieS,
1430 1156 1579 1204 densa
1616 1155 1758 1203 armis
1795 1155 1929 1202 viris-

257 1244 375 1293 que,
432 1228 863 1277 intercursantibus
908 1228 1120 1285 feminis3
1180 1229 1226 1275 in
1267 1226 1456 1276 modum
1502 1224 1750 1274 Furiarum
1791 1231 1930 1273 veste

255 1298 420 1362 ferali,
455 1297 666 1346 crinibus
700 1297 904 1347 deiectis
936 1298 1073 1347 faces
1101 1296 1467 1363 praeferebant;
1503 1294 1811 1358 Druidaeque
1842 1295 1930 1343 cir·

258 1383 389 1430 cum,
442 1383 622 1432 preces
663 1367 791 1417 diras
834 1368 1034 1417 sublatis
1076 1367 1135 1417 ad
1174 1367 1357 1416 caelum
1401 1364 1616 1415 manibus
1661 1363 1929 1426 fundenteS,

222 1439 474 1487 5novitate
515 1445 742 1503 aspectus
781 1437 1039 1503 perculere
1076 1438 1302 1500 militem,
1347 1445 1398 1486 ut
1443 1435 1577 1500 quasi
1621 1432 1930 1483 haerentibus

255 1507 483 1556 membris
520 1507 748 1557 inmobile
790 1513 969 1574 corpus
1002 1507 1282 1557 vulneribus
1325 1505 1629 1572 praeberent.
1701 1503 1810 1552 dein
1849 1516 1930 1552 co·

256 1577 606 1627 hortationibus
649 1577 782 1627 ducis
826 1586 874 1627 et
918 1593 971 1626 se
1015 1578 1109 1643 ipsi
1153 1577 1471 1638 stimulanteS,
1514 1589 1572 1622 ne
1610 1572 1843 1622 muliebre
1883 1579 1931 1621 et

256 1649 514 1698 fanaticum
558 1663 731 1711 agmen
782 1655 1131 1712 pavescerent,
1184 1647 1390 1695 inferunt
1440 1645 1577 1707 signa
1618 1649 1930 1706 sternuntque

259 1718 431 1778 obvios
464 1725 512 1766 et
539 1718 637 1780 igni
666 1732 752 1766 suo
779 1718 1043 1767 involvunt.
1103 1715 1392 1781 praesidium
1432 1713 1635 1778 posthac
1670 1713 1931 1777 inpositum

199 1800 241 1833 10
260 1789 405 1836 victis
425 1788 676 1850 excisique
702 1787 797 1836 luci
823 1788 983 1836 saevis
1008 1786 1428 1850 superstitionibus
1450 1783 1601 1837 sacri;
1628 1797 1733 1831 nam
1745 1795 1929 1832 ‚cruore

260 1858 453 1921 captivo
486 1856 684 1905 adolere
722 1871 831 1906 aras
871 1856 920 1906 et
957 1856 1197 1905 hominum
1235 1854 1368 1904 fibris
1405 1851 1660 1903 consulere
1700 1851 1820 1902 deos
1857 1851 1931 1900 fas

255 1926 513 1975 habebant.
562 1926 684 1975 haec
704 1927 865 1990 agenti
887 1927 1118 1975 Suetonio
1145 1927 1394 1991 repentina
1420 1922 1630 1973 defectio
1650 1921 1929 1988 provinciae

255 1998 506 2045 nuntiatur.

362 2066 447 2115 31.
485 2067 595 2115 Rex
631 2065 885 2115 Icenorum
920 2065 1236 2129 PrasutaguS,
1275 2064 1422 2127 longa
1468 2062 1714 2128 opulentia
1754 2060 1928 2122 clarus,

257 2135 518 2185 Caesarem
555 2135 784 2185 heredem
821 2136 1032 2200 duasque
1071 2136 1191 2184 filias
1228 2135 1517 2200 scripserat,
1566 2131 1648 2181 tali
1690 2130 1927 2194 obsequio

254 2213 383 2255 ratus
409 2221 707 2271 regnumque
747 2213 794 2254 et
818 2205 1006 2254 domum
1044 2220 1175 2254 suam
1212 2203 1382 2269 procul
1416 2203 1585 2252 iniuria
1623 2200 1748 2250 fore.
1800 2197 1927 2263 quod

258 2283 425 2323 contra
454 2278 622 2339 vertit,
664 2274 784 2324 adeo
814 2282 862 2323 ut
899 2291 1099 2338 regnum
1138 2289 1226 2339 per
1270 2274 1602 2333 centuriones,
1643 2270 1811 2320 domus
1841 2283 1929 2333 per

215 2363 236 2394 5
259 2359 431 2394 servos
463 2346 594 2394 velut
632 2352 773 2409 capta
801 2352 1117 2394 vastarentur.
1178 2344 1269 2391 iam
1297 2344 1497 2407 primum
1527 2355 1651 2390 uxor
1677 2341 1780 2389 eius
1805 2337 1927 2387 Bou-

258 2415 395 2463 dicca
422 2414 707 2463 verberibus
735 2413 925 2462 adfecta
955 2422 1002 2463 et
1032 2414 1159 2462 filiae
1187 2420 1354 2476 stupro
1382 2411 1593 2461 violatae
1622 2417 1753 2459 sunt:
1789 2422 1926 2473 prae·

259 2485 385 2549 cipui
413 2486 586 2550 quique
611 2483 892 2546 Icenorum,
932 2484 1066 2548 quasi
1103 2490 1320 2531 cunctam
1357 2483 1609 2545 regionem
1634 2478 1817 2528 muneri
1849 2491 1926 2525 ac-

260 2556 529 2618 cepissent,
582 2555 720 2604 avitis
757 2553 898 2602 bonis
939 2560 1197 2614 exuuntur,
1245 2560 1292 2600 et
1333 2551 1590 2616 propinqui
1627 2549 1759 2612 regis
1804 2547 1926 2594 inter

257 2625 493 2687 mancipia
529 2623 841 2673 habebantur.
906 2638 996 2687 qua
1042 2622 1327 2671 contumelia
1371 2629 1420 2670 et
1457 2627 1585 2670 metu
1630 2619 1925 2683 graviorum,

201 2707 241 2741 10
260 2693 449 2757 quando
476 2695 522 2742 in
552 2694 751 2742 formam
782 2694 1062 2757 provinciae
1090 2698 1365 2753 cesserant,
1396 2692 1585 2755 rapiunt
1612 2702 1767 2748 arma,
1799 2699 1925 2734 com-

259 2764 398 2812 motis
441 2764 498 2812 ad
546 2763 912 2812 rebellationem
956 2761 1347 2811 Trinobantibus-
1374 2769 1423 2809 et
1469 2761 1547 2824 qui
1598 2757 1676 2805 alii
1718 2755 1925 2804 nondum

258 2834 457 2880 servitio
494 2833 634 2881 fracti
674 2847 919 2881 resumere
964 2831 1231 2881 libertatem
1271 2830 1475 2879 occultis
1518 2824 1925 2876 coniurationibus

258 2902 567 2964 pepigerant,
602 2902 837 2950 acerrimo
866 2903 913 2949 in
941 2909 1198 2949 veteranos
1224 2900 1350 2948 odio.
1408 2898 1586 2962 quippe
1614 2899 1659 2944 in
1686 2895 1923 2944 coloniam
