1950 3210
574 216 1025 256 COMMENTARIUS
1059 214 1340 254 CRITICUS.
1686 214 1793 255 L111

100 350 418 397 adulatoribus
445 353 562 396 orat.
587 349 652 407 P,
686 362 741 394 ac
772 347 1040 393 rhetoribus
1074 343 1170 406 (vel
1205 362 1259 394 ac
1295 342 1504 407 vaf1bus)
1545 349 1658 392 orat.
1688 343 1752 407 L)
1781 339 1789 409 Ι

40 452 44 453 ⁷
102 426 158 468 10
179 433 342 466 novam
367 420 622 465 ubertatem
649 433 694 478 p.
729 424 853 463 terra
877 417 977 461 cod.
1004 418 1116 476 Aqr.
1151 411 1158 480 Ι
1192 423 1244 465 11
1273 416 1475 462 minores

241 484 270 534 3
287 522 302 546 ,
335 495 362 538 9
389 489 655 544 ammirans,
689 488 809 533 unde
836 486 887 531 Ν
905 486 1136 532 affirmans

239 554 300 615 4,
337 564 390 606 11
418 558 627 603 uiserent
659 552 664 618 Ι
699 563 752 605 15
785 555 1008 602 incuriam
1039 555 1102 600 A.-
1140 551 1353 601 iniuriam

240 623 301 684 5,
336 633 364 674 2
389 628 612 685 lonquas,
639 638 724 670 em.
751 625 809 670 M
833 628 876 670 et
897 624 942 669 P
969 619 977 687 Ι
1010 630 1038 674 3
1062 622 1258 672 lasciuia
1282 624 1491 683 experti,
1516 635 1601 668 em.
1627 623 1681 669 G.
1698 622 1793 673 Otto

100 690 233 742 divin,
260 694 356 741 Liv.
383 710 435 754 p.
462 699 524 741 41
555 693 564 759 Ι
595 701 624 743 4
648 696 838 752 labore,
867 706 952 739 em.
982 694 1026 739 R
1062 688 1068 755 Ι
1100 700 1129 742 8
1155 695 1370 741 consistit

231 762 296 822 47,
326 771 348 813 1
379 766 442 811 ita
464 766 631 811 laetam
656 764 1067 810 recordantibusE'
1096 758 1103 827 Ι
1136 770 1164 812 4
1188 766 1356 809 dilatus
1382 764 1436 817 Α,
1465 767 1519 807 ut·
1537 766 1605 807 est
1627 766 1671 819 4,
1701 767 1755 812 119
1783 759 1791 822 Ι

100 840 155 883 12
179 849 236 880 ne
267 835 374 879 add.
401 835 474 879 Fa

238 900 298 962 8,
324 909 354 952 4
381 903 572 950 intetior
593 908 713 949 metu
742 908 788 948 et
809 903 903 948 etio
926 917 969 962 p.
1004 897 1012 967 Ι
1044 909 1070 951 5
1091 903 1264 948 inducti
1290 902 1527 947 Ferrettus
1553 900 1796 946 admodum

91 974 390 1033 probabiliter
421 969 429 1038 Ι
460 979 490 1024 8
513 973 794 1018 Tertullinus
817 984 944 1030 susp.
970 973 1009 1017 L
1027 973 1126 1018 coll.
1154 972 1276 1017 Hist.
1301 976 1355 1029 4,
1381 976 1434 1028 9,
1459 970 1538 1015 ubi
1552 970 1796 1016 Vulcatius

100 1044 380 1090 Tertullinus
410 1043 511 1088 trib.
533 1043 604 1101 pl.
632 1047 926 1088 memoratur.
1243 1096 1249 1098 ἡ

239 1110 297 1170 9,
336 1121 354 1161 1
393 1118 556 1158 senatu
600 1106 608 1174 Ι
653 1118 682 1161 3
711 1117 927 1158 senectus
961 1112 1048 1156 Fr.
1079 1110 1270 1156 Medici.-
1311 1115 1498 1155 senatus
1541 1110 1549 1168 Ι
1593 1114 1622 1156 4
1656 1108 1794 1166 ostia,

99 1195 184 1227 em.
210 1182 249 1227 L
280 1177 288 1245 Ι
320 1188 349 1231 8
372 1182 608 1236 remittere
633 1181 682 1226 Ν
687 1202 699 1225 .·
733 1180 1031 1240 peremittere
1061 1177 1358 1241 (praeripere
1378 1176 1475 1238 Fa)

247 1249 334 1309 10,
368 1257 395 1298 2
419 1251 603 1296 Pollitta
630 1250 681 1295 N
685 1271 697 1294 .·
730 1250 907 1309 polutia
941 1243 949 1313 Ι
981 1250 1141 1295 inuisit
1173 1245 1181 1312 Ι
1223 1256 1253 1299 3
1284 1249 1542 1304 uincendo,
1576 1260 1656 1292 em.
1682 1245 1758 1291 Pu
1784 1247 1794 1309 Ι

102 1334 235 1367 esse:
274 1336 300 1367 a
332 1334 383 1366 se
412 1319 459 1365 E
487 1314 494 1383 Ι
527 1324 583 1369 14
606 1319 777 1378 inpexa
811 1319 978 1372 ,Wurm
1013 1321 1059 1364 in
1086 1318 1250 1364 Philol.
1277 1318 1407 1377 VIII,
1442 1323 1550 1367 364:
1589 1317 1797 1376 inplexa,

99 1390 220 1450 quod
239 1390 280 1436 Α
306 1391 467 1435 delevit
492 1393 543 1434 ut
559 1390 796 1447 repetitum
820 1400 882 1434 ex
907 1391 1145 1447 superiore
1171 1389 1380 1448 amplexa
1412 1381 1420 1452 Ι
1455 1392 1513 1435 18
1535 1386 1717 1432 mulieri

244 1458 335 1517 11,
384 1463 438 1506 12
474 1458 787 1516 relinqueret,
830 1459 953 1517 quod
982 1458 1112 1504 haud
1145 1460 1303 1503 inscite
1335 1458 1421 1503 Wr
1456 1459 1577 1502 lueri
1606 1459 1798 1501 conatus

99 1533 166 1575 est
193 1523 201 1592 Ι
235 1534 293 1577 14
316 1528 531 1585 seniore,
560 1539 646 1573 em.
670 1527 711 1573 A
742 1521 751 1591 Ι
783 1533 838 1577 16
863 1533 1056 1574 mortem
1081 1542 1166 1574 suo
1193 1528 1388 1574 arbitrio
1418 1527 1569 1572 Faber

245 1593 333 1655 12,
368 1603 397 1647 8
423 1598 601 1643 Iunium
619 1595 682 1642 L.-
709 1597 909 1642 iunctum
942 1592 949 1660 Ι
988 1595 1077 1654 13,
1107 1602 1136 1644 4
1159 1598 1216 1643 ad
1244 1597 1396 1642 uienia
1426 1596 1529 1641 urbi
1556 1592 1639 1656 (ad
1668 1608 1795 1641 moe-

101 1667 175 1713 nia
200 1667 328 1713 urbis
355 1665 445 1728 al.)
479 1660 486 1730 Ι
519 1672 574 1716 18
598 1666 726 1712 urbis
755 1667 830 1712 del
848 1667 1026 1712 Furia.-
1059 1666 1205 1711 turbis

242 1734 334 1794 14,
369 1743 392 1784 1
420 1736 588 1782 Luccio
617 1735 653 1781 Ο
677 1733 750 1796 (in
774 1734 937 1797 adn.).·
963 1738 1008 1782 L.
1050 1731 1060 1800 Ι
1097 1741 1125 1784 3
1148 1740 1360 1794 tanquam
1393 1730 1399 1798 Ι
1442 1740 1470 1783 6
1495 1734 1709 1779 innexum
1733 1732 1795 1779 L.-

100 1805 304 1851 innixum
346 1801 354 1870 Ι
401 1811 456 1856 16
483 1805 812 1852 incolumitatis
853 1801 860 1869 Ι
903 1811 960 1853 22
989 1805 1215 1862 monitus,
1258 1817 1343 1850 em.
1378 1806 1425 1850 Αζῆ
1457 1809 1500 1848 et
1534 1804 1632 1848 cod.
1655 1802 1794 1861 Agr„-

101 1875 298 1920 monitus
331 1876 460 1934 prius
496 1874 694 1927 Anteius.
718 1876 780 1920 al.
823 1869 833 1938 Ι
872 1880 930 1923 24
962 1874 1248 1920 interscissis
1272 1875 1346 1919 Bz
1374 1875 1474 1919 coll.
1513 1880 1593 1930 15,
1623 1878 1703 1925 35;
1749 1876 1799 1917 at

100 1948 167 1988 est
195 1943 404 1989 incidere
439 1958 578 1989 venas
608 1949 685 1999 16,
716 1949 771 1992 19
796 1948 838 1988 et
859 1945 989 2002 apud
1023 1943 1129 1989 Vell.
1152 1943 1258 1988 Pat.
1283 1944 1349 2000 II,
1376 1948 1447 1990 22.

246 2009 307 2058 15
327 2046 339 2069 ,
374 2019 400 2061 5
428 2012 474 2058 vi
504 2012 612 2057 add.
643 2008 833 2062 Wurm,·
857 2013 921 2071 cf.
947 2019 1026 2069 12,
1052 2017 1110 2060 44
1139 2005 1149 2075 Ι
1182 2013 1395 2072 corporis
1415 2011 1539 2058 Med.
1562 2011 1628 2056 bis
1647 2011 1791 2067 habet,

98 2082 219 2126 unde
247 2081 397 2127 adhuc
429 2082 697 2141 vulyabatur
729 2082 942 2140 corporis
978 2081 1149 2127 robore
1191 2075 1199 2145 Ι
1240 2086 1268 2130 6
1305 2096 1362 2126 ne
1396 2081 1636 2139 imperium
1662 2080 1791 2127 inva-

20 2148 21 2151 ’
101 2151 233 2196 deret
269 2151 438 2210 pavido
473 2165 655 2211 semper
695 2156 740 2195 et
769 2185 778 2195 .
811 2185 821 2195 .
852 2151 1076 2195 exterrito
1116 2152 1232 2197 coni.
1268 2152 1308 2195 A
1347 2144 1355 2214 Ι
1397 2156 1426 2199 8
1462 2150 1790 2208 imperatoris:

101 2220 147 2265 in
182 2215 252 2273 ,ᾗ

245 2286 335 2346 16,
368 2295 397 2337 4
431 2295 477 2335 et
512 2290 730 2335 continuo
766 2287 852 2350 (ex
883 2289 1100 2334 continuo
1136 2289 1323 2339 Wurm‚·
1357 2288 1421 2347 cf.
1451 2287 1629 2332 Handii
1656 2287 1792 2332 Turs.

100 2358 167 2416 11,
193 2357 303 2419 654)
337 2352 346 2422 Ι
378 2363 403 2407 7
431 2360 486 2405 ab
514 2359 586 2404 his
618 2353 627 2422 Ι
658 2364 688 2408 8
714 2358 897 2404 oderint
921 2359 980 2403 al.
1017 2351 1024 2421 Ι
1060 2364 1113 2405 10
1138 2354 1407 2417 οερῐίιιίῐαῐὸ

245 2426 335 2485 17,
367 2433 395 2474 2
430 2428 613 2474 Rufrius
638 2428 757 2473 Hm.-
793 2428 921 2473 rufus
950 2425 1128 2488 (Rullus
1153 2428 1280 2483 edd„
1317 2427 1451 2473 v2=ad
1473 2431 1555 2484 12,
1589 2423 1671 2486 42)
1704 2421 1711 2487 Ι
1745 2425 1794 2470 C.

111 2497 385 2555 Wesenberg]
419 2494 526 2558 (em.
561 2497 649 2542 Cic,
682 2497 815 2543 Tusa.
841 2498 929 2553 III,
968 2493 1047 2555 19)
1062 2510 1083 2552 τ,
1113 2510 1166 2542 ac
1209 2493 1291 2556 (ac
1327 2495 1375 2542 C.
1404 2496 1475 2551 R,
1513 2509 1567 2542 ae
1605 2495 1653 2539 T.
1685 2490 1756 2552 N)
1785 2489 1792 2555 Ι

102 2572 156 2614 15
182 2567 435 2624 finguntur,
469 2579 553 2610 em.
583 2566 655 2611 Pu
686 2562 693 2628 Ι
726 2571 782 2614 20
810 2567 935 2611 addit
959 2566 1033 2610 He
1064 2559 1071 2629 Ι
1104 2570 1156 2612 21
1185 2566 1435 2624 scripsisse
1469 2566 1529 2610 al.
1572 2558 1581 2628 Ι
1623 2569 1679 2610 22
1705 2564 1795 2608 Ru-

103 2635 206 2680 fium
230 2636 290 2681 al.

45 2707 48 2710 ’
245 2700 335 2761 18,
369 2709 392 2751 1
422 2702 470 2749 C.
499 2703 584 2749 del.
618 2697 698 2766 ΝΙ
732 2709 758 2749 2
783 2704 1004 2749 somnium

247 2770 337 2828 19,
371 2778 400 2821 8
435 2773 591 2818 futiles
622 2786 783 2817 versus
811 2772 883 2816 Bz
921 2766 929 2835 Ι
967 2777 994 2820 9
1021 2778 1067 2817 et
1092 2772 1220 2828 uias,
1253 2772 1374 2817 unde
1396 2769 1656 2816 Markland
1680 2784 1794 2829 epu-

103 2842 191 2891 las;
229 2853 311 2886 nos
340 2846 385 2885 et
417 2842 576 2900 epulas
604 2841 805 2886 scribere
829 2842 1066 2886 maluimus
1098 2834 1104 2904 Ι
1140 2855 1406 2899 quamquam
1430 2840 1496 2886 R.-
1533 2854 1665 2899 quam
1696 2832 1704 2902 Ι
1739 2845 1794 2888 13

102 2909 351 2956 novitatem
378 2910 526 2955 Neue.-
554 2911 759 2956 nouitate
