1976 3224
203 211 272 261 50
617 221 893 260 commun
932 222 1129 261 TACITI
1166 223 1473 264 ANNALIUM

310 350 393 399 22.
420 349 643 411 Laudatis
679 365 770 415 pro
817 351 1042 400 contione
1084 352 1348 402 victoribus
1382 352 1564 403 Caesar
1602 355 1882 418 congeriem

201 434 441 471 armorum
478 421 677 483 struxit,
716 420 929 485 superbo
968 435 1073 469 cum
1106 421 1271 471 titulo:
1310 421 1566 472 debellatis
1604 425 1728 474 inter
1751 424 1879 475 Rbe-

199 505 312 539 num
337 489 598 555 Albimque
631 490 903 540 nationibus
930 491 1196 540 exercitum
1228 490 1409 542 Tiberii
1438 491 1664 543 Caesaris
1689 509 1747 544 ea
1781 509 1879 544 mo-

199 562 409 609 nimenta
442 559 583 609 Marti
617 567 666 608 et
688 559 793 609 Iovi
821 568 869 610 et
891 561 1114 624 Augusto
1145 563 1435 612 sacravisse.
1496 562 1556 611 de
1583 578 1638 613 se
1660 563 1775 613 nihil
1800 564 1878 614 ad-

156 649 177 680 5
203 630 346 693 didit,
389 636 516 678 metu
562 629 769 679 invidiae
807 646 868 680 an
901 638 1033 680 ratus
1069 633 1413 685 conscientiam
1444 633 1560 683 facti
1597 635 1715 683 satis
1749 637 1877 683 essel

198 715 312 750 mox
344 699 524 748 bellum
560 700 608 748 in
638 699 958 764 Angrivarios
993 702 1219 751 Stertinio
1255 702 1466 766 mandat,
1503 703 1552 751 ni
1588 703 1879 753 deditionem

197 771 614 836 properavissent.
676 778 818 836 atque
856 771 925 820 illi
961 771 1211 837 supplices
1252 772 1367 822 nihil
1409 772 1663 822 abnuendo
1693 775 1878 823 veniam

199 840 405 889 omnium
435 854 696 905 accepere.
854 874 859 879 -

303 910 387 961 23.
427 908 526 959 Sed
565 906 752 960 aestate
794 911 886 959 iam
924 910 1085 961 adulta
1125 911 1371 975 legionum
1412 913 1536 962 aliae
1572 914 1744 963 itinere
1782 921 1876 962 ter-

195 981 342 1030 restri
379 981 427 1029 in
461 979 772 1030 hibernacula
805 981 1063 1039 remissae3
1103 982 1270 1046 plures
1300 981 1483 1032 Caesar
1517 983 1665 1033 classi
1698 984 1876 1049 inposi-

194 1059 270 1101 tas
309 1065 400 1116 per
425 1050 600 1099 flumen
625 1050 854 1100 Amisiam
879 1050 1075 1100 Oceano
1100 1053 1298 1101 invexit.
1357 1067 1416 1101 ac
1454 1054 1608 1118 primo
1636 1053 1876 1118 placidum

195 1135 381 1186 aequor
415 1120 548 1170 mille
583 1122 773 1170 navium
808 1123 954 1170 remis
993 1129 1217 1186 strepere
1253 1130 1333 1172 aut
1366 1122 1492 1171 velis
1525 1123 1721 1189 inpelli:
1763 1139 1876 1173 mox

156 1199 302 1245 5atro
339 1190 531 1239 nubium
566 1191 718 1254 globo
746 1191 898 1241 effusa
924 1191 1138 1256 grando,
1174 1192 1314 1241 simul
1349 1193 1494 1242 variis
1527 1193 1735 1258 undique
1763 1209 1874 1258 pro-

195 1262 334 1311 cellis
363 1262 534 1310 incerti
559 1261 732 1311 fluctus
763 1268 1078 1327 prospectum
1104 1262 1345 1325 adimere,
1382 1264 1602 1326 regimen
1626 1263 1874 1328 inpedire;

192 1332 429 1396 milesque
468 1331 672 1396 pavidus
708 1339 758 1381 et
792 1347 986 1381 casuum
1021 1333 1164 1382 maris
1202 1335 1401 1396 ignarus
1436 1333 1544 1383 dum
1584 1332 1740 1383 turbat
1763 1348 1874 1382 nau·

191 1411 266 1452 tas
299 1401 381 1451 vel
414 1401 753 1468 intempestive
786 1402 940 1466 iuvat,
979 1402 1141 1452 officia
1177 1402 1478 1467 prudentium
1518 1402 1873 1468 corrumpebat.

194 1480 334 1522 omne
375 1470 551 1521 dehinc
588 1471 774 1522 caelum
813 1479 861 1521 et
905 1486 1037 1522 mare
1079 1487 1219 1521 omne
1259 1474 1306 1520 in
1343 1480 1553 1522 austrum
1582 1474 1758 1537 cessit,
1796 1474 1875 1537 qui

137 1563 175 1594 ιο
191 1542 360 1592 umidis
398 1540 682 1592 Germaniae
717 1543 887 1606 terris,
941 1542 1193 1608 profundis
1229 1542 1467 1606 amnibus,
1514 1544 1746 1592 immenso
1791 1558 1871 1591 nu-

191 1613 319 1662 bium
352 1618 510 1661 traotu
547 1612 735 1662 validus
770 1619 819 1661 et
852 1614 1018 1676 rigore
1055 1613 1200 1661 vicini
1244 1613 1587 1677 septentrionis
1634 1612 1874 1661 horridior

189 1684 350 1746 rapuit
385 1682 673 1747 disiecitque
710 1698 863 1732 naves
897 1684 944 1730 in
983 1690 1151 1747 aperta
1192 1682 1374 1731 Oceani
1410 1690 1490 1732 aut
1526 1682 1708 1731 insulas
1742 1684 1873 1731 saxis

188 1752 403 1816 abruptis
431 1751 511 1800 vel
536 1767 626 1818 per
651 1752 843 1801 occulta
866 1752 987 1801 vada
1013 1752 1231 1801 infestas.
1284 1752 1456 1817 quibus
1484 1753 1676 1817 paulum
1701 1767 1871 1815 aegre—

190 1837 284 1887 que
319 1822 506 1884 vitatiS,
549 1830 806 1887 postquam
840 1820 1050 1871 mutabat
1089 1830 1250 1872 aestus
1279 1822 1554 1887 eodemque
1577 1837 1672 1887 quo
1700 1830 1872 1871 ventus

134 1908 174 1939 15
193 1891 407 1954 ferebat,
445 1906 541 1940 non
577 1892 846 1941 adhaerere
877 1893 1101 1956 ancoriS,
1140 1907 1238 1942 non
1274 1892 1531 1942 exhaurire
1558 1894 1871 1958 inrumpentis

188 1961 340 2010 undas
368 1967 619 2026 poterant.-
654 1963 793 2027 equi,
821 1964 1055 2025 iumenta,
1093 1963 1339 2026 sarcinae,
1367 1963 1508 2012 etiam
1534 1977 1662 2013 arma
1684 1963 1870 2027 praeci-

187 2032 425 2097 pitantur,
467 2045 564 2096 quo
592 2032 871 2081 levarentur
902 2032 1056 2096 alvei,
1083 2039 1331 2082 manantes
1357 2048 1446 2098 per
1471 2033 1623 2082 latera
1655 2040 1704 2081 et
1727 2032 1870 2082 fluctu

189 2108 563 2167 superurgente.

291 2171 376 2221 24.
419 2171 610 2232 Quanto
647 2171 910 2221 violentior
946 2178 1113 2221 cetero
1150 2174 1269 2221 mari
1297 2171 1520 2220 Oceanus
1558 2178 1606 2219 et
1629 2170 1866 2219 truculen-

186 2242 253 2290 tia
287 2241 411 2290 caeli
447 2249 664 2305 praestat
699 2240 982 2305 Germania,
1018 2248 1196 2290 tantum
1230 2241 1313 2291 illa
1363 2240 1527 2290 clades
1570 2242 1786 2289 novitate
1822 2248 1870 2289 et

186 2310 511 2373 magnitudine
559 2313 798 2374 excessit,
858 2310 1114 2359 hostilibus
1184 2312 1362 2359 circum
1409 2308 1632 2359 litoribus
1678 2318 1756 2359 aut
1804 2311 1868 2358 ita

185 2387 325 2429 vasto
363 2386 411 2428 et
447 2380 717 2445 profundo,
769 2387 822 2428 ut
855 2380 1077 2429 credatur
1114 2381 1423 2428 novissimum
1471 2394 1531 2429 ac
1574 2380 1678 2429 sine
1724 2381 1868 2428 terris

149 2465 336 2502 smare.
381 2464 495 2514 pars
519 2452 710 2500 navium
735 2449 933 2498 haustae
962 2457 1093 2512 sunt,
1122 2449 1288 2514 plures
1315 2450 1438 2515 apud
1469 2449 1650 2498 insulas
1671 2449 1866 2512 longius

184 2522 301 2571 sitas
349 2521 563 2578 eiectae;
610 2520 847 2585 milesque
883 2519 1015 2568 nullo
1053 2519 1153 2568 illic
1189 2518 1429 2580 bominum
1468 2519 1598 2569 cultu
1630 2519 1757 2568 fame
1783 2518 1865 2568 ab·

185 2597 427 2657 sumptuS,
471 2591 563 2639 nisi
602 2605 725 2656 quos
763 2604 970 2655 corpora
1008 2604 1239 2654 equorum
1278 2590 1450 2640 eodem
1479 2589 1599 2638 elisa
1624 2588 1861 2638 tolerave-

182 2669 304 2712 rant.
377 2661 482 2711 sola
518 2659 789 2711 Germanici
837 2661 1045 2709 triremis
1081 2658 1385 2709 Chaucorum
1433 2667 1611 2708 terram
1656 2658 1863 2722 adpulit;

185 2747 327 2797 quem
362 2746 453 2796 per
492 2746 660 2781 omnes
689 2731 804 2780 illos
832 2730 937 2779 dies
961 2737 1232 2794 noctesque
1262 2730 1388 2794 apud
1417 2728 1650 2793 scopulos
1676 2734 1726 2776 et
1751 2742 1863 2792 pro-

125 2814 169 2849 10
185 2803 406 2850 minentis
434 2816 572 2866 oras,
611 2816 717 2851 cum
746 2816 799 2850 se
826 2802 940 2850 tanti
968 2801 1099 2850 exitii
1127 2815 1260 2848 reum
1289 2800 1582 2860 clamitaret,
1617 2798 1700 2845 vix
1732 2797 1862 2846 cohi-

182 2869 335 2919 buere
371 2873 509 2919 amici
538 2886 633 2936 quo
658 2872 811 2924 minus
846 2870 1018 2936 eodem
1041 2870 1160 2919 mari
1189 2876 1464 2934 oppeteret.
1523 2865 1712 2916 tandem
1739 2867 1862 2915 rela-

182 2940 329 2989 bente
353 2947 487 2989 aestu
509 2948 557 2990 et
575 2940 870 2991 secundante
895 2947 1042 2989 vento
1058 2939 1256 2989 claudae
1272 2953 1423 2989 naves
1435 2951 1545 2988 raro
1560 2937 1767 3000 remigio
1783 2942 1863 2985 aut
