1950 3210
553 218 1004 259 COMMENTARIUS
1032 219 1314 258 CRITICUS.
1662 217 1808 255 XLIII

114 358 293 399 struere
330 353 562 409 fraudem,
602 351 800 397 Catullus
824 356 905 408 21,
945 354 971 398 7
1007 350 1235 396 instruere
1274 351 1467 396 insidias
1507 345 1517 414 Ι
1559 356 1586 399 8
1615 349 1760 396 oblita
1798 343 1806 412 Ι

118 430 165 470 11
195 423 391 480 fuisset,
421 435 505 467 em.
533 422 576 466 R

258 488 348 548 12,
397 495 423 540 7
462 492 578 537 exiit
612 496 703 535 tum
738 496 898 535 senatu
937 489 1000 533 L:
1038 489 1224 533 exitium
1268 489 1448 549 senatui
1491 488 1498 549 Ι
1550 496 1602 537 11
1642 493 1808 545 tactas,

110 562 219 620 fort.
247 573 309 605 ex
334 565 484 606 tactae
511 566 616 605 sunt
648 554 654 622 Ι
689 566 741 607 15
771 565 987 618 praetura
1024 557 1298 602 Vertram‘us
1323 563 1367 602 et
1387 559 1449 602 L.-
1476 559 1769 617 praefectura
1796 552 1804 594 Ι

115 636 166 679 19
192 629 438 693 tyturium,
462 642 547 673 em.
576 629 619 673 R
651 622 661 683 Ι
693 633 748 674 22
778 628 998 685 mitigata.
1030 632 1178 672 tamen
1205 628 1277 671 Bz
1301 627 1482 692 eth:
1510 633 1657 672 tamen
1686 628 1809 672 miti-

111 704 217 756 gata
244 695 449 759 (tandem
477 698 686 755 mitigata
719 711 819 741 cum
849 696 1060 741 Belclcero
1089 696 1156 752 N,
1183 698 1309 754 siyno
1331 698 1526 741 lacunae
1545 702 1648 740 cmte
1670 710 1809 740 cunc-

113 767 200 813 tari
219 763 396 826 posito)

254 834 345 893 13,
378 841 406 885 8
428 841 590 882 senatu
624 830 632 900 Ι
663 842 690 885 9
723 835 994 881 incenderet

253 902 343 963 14,
381 910 405 952 1
444 905 612 964 cupido
647 905 709 949 L.-
754 903 890 962 copia
929 899 1064 962 (cura
1101 899 1190 963 al.)
1243 895 1252 967 Ι
1300 910 1328 951 3
1365 908 1637 948 concertare
1674 900 1807 960 equis

109 975 287 1033 regium
324 973 437 1019 Hm.-
473 988 574 1019 cum
611 975 787 1020 celaret
823 972 924 1031 quis
962 972 1141 1029 regium
1184 970 1191 1033 Ι
1220 977 1249 1019 4
1275 978 1495 1018 memorat
1526 965 1536 1036 Ι
1567 976 1591 1020 7
1625 984 1807 1024 nomen,

109 1056 194 1088 em.
220 1043 263 1088 R
297 1042 303 1100 Ι
337 1049 365 1092 8
391 1048 631 1102 utrumque
656 1044 763 1088 mal.
790 1041 828 1085 L
843 1041 1144 1099 probabiliter

254 1110 343 1169 15,
381 1117 408 1159 2
432 1112 727 1170 iuuenilium,
755 1124 839 1157 em.
869 1109 941 1155 Ριι
981 1103 995 1174 Ι
1035 1116 1061 1158 5
1087 1116 1327 1169 motusque
1349 1111 1402 1155 Η
1436 1110 1444 1171 Ι
1492 1115 1547 1158 14
1571 1114 1807 1168 postremo

112 1183 146 1227 L
179 1178 187 1245 Ι
223 1189 274 1230 15
305 1182 556 1240 phonascis
582 1181 639 1225 M
647 1203 660 1226 .·
688 1181 834 1226 facies
867 1173 874 1239 Ι
909 1184 963 1227 16
991 1180 1301 1237 abscisserat,
1332 1193 1413 1226 em.
1439 1181 1478 1224 L
1509 1174 1518 1241 Ι
1551 1183 1606 1227 18
1631 1190 1808 1236 cogno-

111 1251 284 1308 menffi,
324 1263 408 1294 em.
445 1250 519 1294 Pu
531 1270 545 1300 ,-
581 1251 627 1294 in
655 1254 1007 1308 cognomentum
1043 1250 1203 1294 Wurm
1229 1250 1357 1294 haud
1387 1252 1479 1295 scio
1513 1262 1576 1294 an
1600 1249 1767 1292 rectius
1796 1240 1805 1307 Ι

111 1325 516 1377 augusttanorum‚
543 1333 627 1376 em,
656 1320 704 1365 N
731 1313 740 1384 Ι
775 1325 827 1368 19
851 1332 936 1377 spe
963 1315 1086 1378 (sine
1110 1316 1183 1380 in)
1211 1319 1286 1376 M,
1317 1320 1361 1364 in
1390 1333 1518 1378 spem
1541 1318 1582 1362 Α

254 1385 342 1446 16,
379 1395 407 1438 3
432 1390 683 1435 auctoritas
711 1389 828 1433 Hm.-
864 1388 1028 1433 aetatis
1064 1383 1070 1451 Ι
1102 1389 1149 1434 hi
1177 1390 1326 1434 cenati
1353 1390 1449 1434 He.-
1477 1387 1598 1433 natis
1632 1380 1638 1449 Ι
1671 1389 1699 1432 4
1724 1385 1807 1430 ab·

110 1460 228 1504 latos
275 1452 282 1518 Ι
322 1463 348 1507 7
390 1471 475 1503 nec
502 1463 665 1503 tenore
692 1472 782 1503 uno
809 1458 848 1502 A
891 1451 899 1519 Ι
939 1461 967 1505 8
994 1457 1260 1503 discordiae
1288 1462 1527 1514 rueretur,
1555 1468 1639 1500 em.
1662 1455 1733 1499 Bz
1766 1459 1809 1499 et

51 1535 55 1542 ¹
111 1527 309 1587 Spenyel

256 1594 342 1654 17,
380 1604 404 1645 1
430 1597 563 1643 initio
594 1598 659 1642 E.-
695 1596 892 1641 intentio
924 1589 935 1659 Ι
968 1601 994 1644 3
1024 1595 1319 1653 libidineius,
1348 1609 1433 1640 em.
1462 1595 1501 1639 L
1546 1589 1552 1657 Ι
1594 1598 1623 1641 4
1653 1593 1806 1638 inces-

112 1671 269 1725 sente,
297 1679 381 1711 em.
415 1667 470 1721 L,
503 1667 772 1725 ingerentes
800 1665 874 1710 He

257 1732 348 1793 18,
385 1741 412 1784 6
448 1736 663 1793 habitos,
694 1748 778 1780 em.
807 1734 880 1790 H,
914 1739 963 1778 ut
996 1736 1096 1778 item
1132 1733 1281 1779 avitus
1321 1739 1362 1778 et
1389 1734 1571 1779 habitus
1609 1731 1807 1790 confusa

111 1809 212 1848 sunt
243 1810 320 1862 11,
359 1810 440 1858 35;
481 1811 559 1862 13,
585 1809 641 1853 34
665 1809 809 1857 61563
850 1803 954 1848 add.
983 1804 1151 1849 habeat
1179 1816 1268 1860 pro
1297 1803 1463 1848 auebat
1492 1809 1574 1859 11,
1606 1808 1661 1850 10
1701 1799 1708 1859 Ι
1752 1806 1803 1847 11

111 1871 231 1918 Nero
259 1873 323 1917 P.-
350 1887 408 1918 ne
440 1867 448 1937 Ι
485 1879 536 1920 12
557 1874 802 1932 rescripsit
824 1872 921 1917 He.-
950 1873 1139 1930 scripsit
1213 1913 1216 1916 Α

253 1937 346 1998 20,
386 1949 408 1989 1
447 1948 609 2000 quarto
663 1938 671 2003 Ι
719 1946 746 1990 7
777 1956 835 1987 ne
870 1933 993 1985 Med.
1030 1947 1135 1985 ante
1162 1942 1532 2000 spectaculorum
1557 1939 1689 1984 habel
1728 1933 1734 2002 Ι
1778 1944 1805 1987 9

113 2011 274 2056 ederet
307 2010 391 2055 Εἰ.-
427 2011 615 2056 sederet
649 2007 920 2071 (praetores
958 2010 1149 2055 ederent
1176 2008 1237 2070 L)
1279 2006 1285 2072 Ι
1333 2017 1379 2057 ll
1410 2010 1527 2054 verti
1555 2009 1595 2054 Α
1626 2003 1634 2071 Ι
1678 2013 1731 2056 16
1756 2012 1807 2052 ut

112 2080 218 2124 add.
246 2081 285 2124 Α
316 2075 324 2142 Ι
361 2083 408 2128 17
443 2082 544 2138 quis
578 2075 585 2143 Ι
621 2085 673 2129 19
701 2094 756 2125 an
784 2079 904 2125 iusta
932 2079 1094 2136 augeri
1121 2078 1185 2136 L,
1227 2093 1282 2124 an
1319 2079 1436 2124 iusta
1468 2078 1647 2136 augurii
1675 2077 1740 2122 Ri
1764 2080 1807 2120 et

122 2149 200 2206 W,
231 2149 311 2193 alii
343 2149 458 2204 alia,
494 2151 576 2194 sed
609 2161 750 2208 aeque
783 2148 1106 2206 inprobabilia.
1177 2147 1361 2192 Videtur
1399 2147 1529 2191 aliud
1561 2147 1804 2190 subiectum

112 2220 425 2271 antec-essessa,
450 2224 499 2263 uc
518 2220 663 2263 conici
677 2222 830 2276 potest
847 2230 909 2262 ex
927 2218 1198 2275 praedicato
1222 2217 1517 2274 expleturos,
1542 2216 1664 2275 quod
1680 2227 1805 2260 nunc

112 2288 261 2332 vitiose
287 2301 386 2332 cum
418 2288 632 2333 decurias
661 2289 860 2331 iunctum
880 2291 960 2333 est.
996 2280 1002 2348 Ι
1034 2291 1091 2334 23
1117 2285 1386 2343 conceperit
1410 2285 1450 2329 Α

252 2353 345 2413 21,
386 2363 438 2404 10
464 2371 517 2402 ac
543 2361 800 2402 strueretur
832 2352 839 2418 Ι
875 2360 928 2404 12
959 2370 983 2401 a
1011 2355 1119 2400 add.
1147 2355 1191 2399 R
1222 2348 1228 2418 Ι
1266 2358 1318 2402 17
1342 2355 1484 2399 totius
1509 2353 1571 2398 L.-
1609 2353 1765 2412 potius
1793 2345 1801 2415 Ι

115 2430 167 2473 19
193 2426 381 2483 transit,
409 2438 491 2470 em.
519 2426 557 2470 L
600 2427 607 2481 Ι
649 2430 706 2474 23
735 2425 838 2483 quis
870 2425 1140 2471 Groslotius:
1178 2437 1267 2482 quo
1296 2421 1414 2482 (quo
1445 2423 1581 2468 modo
1608 2419 1674 2482 P)
1708 2419 1715 2479 Ι
1747 2426 1805 2469 ‘24

115 2494 201 2539 iam
230 2495 532 2539 exoleverunt
567 2494 746 2540 Urlichs

253 2560 346 2619 22,
383 2568 410 2608 2
440 2564 596 2620 regnis
624 2564 813 2621 Bentley
846 2556 853 2625 Ι
896 2566 924 2608 4
949 2562 1273 2606 celebrabatur
1299 2561 1355 2604 M
1383 2556 1391 2623 Ι
1424 2566 1451 2607 8
1480 2558 1803 2618 interpretatio

115 2630 212 2676 Pu.-
250 2632 420 2676 interra
449 2637 494 2675 et
522 2633 615 2676 atio
651 2625 658 2695 Ι
687 2637 714 2680 9
739 2632 785 2676 in
815 2631 924 2675 villa
951 2631 1057 2674 add.
1091 2631 1157 2673 Bz
1187 2631 1285 2674 coll.
1312 2634 1367 2684 4,
1394 2635 1476 2680 59;
1521 2634 1575 2684 6,
1603 2634 1687 2684 50,
1716 2628 1808 2671 nisi

111 2702 260 2757 potius
294 2714 394 2745 cum
424 2701 460 2745 G
488 2701 773 2744 scribendum
803 2704 905 2744 erat
930 2700 1035 2743 loco
1065 2698 1374 2755 Sublaqueum
1407 2710 1571 2742 nomen
1600 2701 1672 2742 est
1699 2692 1807 2756 (aut

117 2780 215 2814 cum
238 2769 289 2813 H
310 2770 449 2814 villae
476 2769 520 2813 S.
550 2782 711 2813 nomen
739 2765 862 2826 est),
889 2773 937 2810 ut
962 2768 1148 2824 saepius
1178 2766 1359 2810 Tacitus
1393 2766 1532 2823 dixit,
1565 2767 1604 2810 v'.
1640 2766 1804 2810 Wurm

119 2838 161 2881 in
186 2838 342 2882 Philol.
364 2838 461 2892 IX,
494 2843 590 2886 103.
657 2837 720 2881 De
744 2837 1010 2881 coniecturis
1040 2834 1142 2891 quis
1170 2839 1211 2877 et
1235 2849 1259 2879 a
1288 2835 1390 2892 quis
1417 2830 1527 2895 (pro
1554 2830 1654 2894 cui)
1682 2838 1805 2878 recte

118 2906 325 2950 iudicavit
366 2906 542 2951 Urlichs
572 2909 616 2949 in
646 2920 747 2950 nov.
770 2918 880 2947 ann.
905 2903 1017 2961 phil.
1045 2908 1087 2947 et
1110 2916 1162 2960 p.
1191 2905 1276 2948 vol.
1305 2908 1391 2960 69,
1419 2907 1500 2952 307
1532 2897 1545 2965 Ι
1577 2908 1631 2952 14
1658 2902 1802 2961 quieti
