1976 3224
521 205 691 242 LIBER
728 205 804 242 vl.
841 205 967 242 CAP.
1009 189 1423 259 104-14(4-—8).
1716 194 1815 241 157

235 333 329 398 Δ13.
351 333 467 381 Tum
488 333 613 381 facta
633 333 845 396 patribus
868 338 1108 394 potestate
1130 331 1367 396 statuendi
1387 331 1446 379 de
1462 329 1518 379 C.
1536 328 1813 379 Caeciliano
1845 328 1872 372 7

145 409 387 464 senatore,
416 403 495 466 qui
523 402 722 466 plurima
748 401 1000 450 adversum
1027 399 1213 449 Cottam
1238 407 1560 464 prompserat,
1588 399 1815 464 placitum

146 471 346 521 eandem
385 486 587 535 poenam
624 472 836 534 inrogari
865 485 1003 533 quam
1039 470 1087 517 in
1113 469 1368 518 Aruseium
1408 477 1456 518 et
1485 469 1811 532 Sanquinium,

145 548 458 590 accusatores
487 540 539 589 L.
567 540 804 596 Arruntii;
834 553 930 603 quo
957 553 1053 587 non
1079 538 1206 587 aliud
1226 539 1619 588 honorificentius
1640 537 1812 587 Cottae

145 611 329 672 evenit,
366 611 445 674 qui
472 610 648 658 nobilis
676 609 892 674 quidem,
921 616 995 656 set
1023 623 1175 671 egens
1201 607 1264 656 ob
1292 608 1478 669 luxum,
1517 623 1606 671 per
1633 607 1811 670 flagitia
1835 619 1855 649 5

143 680 347 742 infamiS,
376 680 691 728 sanctissimis
710 679 923 727 Arruntii
952 678 1132 726 artibus
1159 677 1388 740 dignitate
1418 677 1612 725 ultionis
1637 691 1811 740 aequa-

143 749 296 799 batur.

249 818 307 878 Q.
347 819 588 867 Servaeus
615 817 817 881 posthac
853 825 902 866 et
934 817 1166 865 Minucius
1193 815 1426 864 Thermus
1461 815 1661 876 inducti,
1701 815 1810 862 Ser-

143 894 543 951 vaeuspraetura
567 887 756 935 functus
787 894 834 934 et
871 885 1107 949 quondam
1136 884 1402 934 Germanici
1435 899 1626 943 comeS,
1662 883 1810 946 Minu-

102 971 111 979 ·
144 958 244 1006 cius
272 957 485 1021 equestri
512 956 644 1019 loco,
673 956 890 1004 modeste
917 954 1076 1003 habita
1104 954 1264 1006 Seitii
1298 954 1527 1009 amicitia;
1567 952 1690 1000 unde
1717 952 1811 1000 illis
1831 964 1870 996 ιο

141 1028 294 1075 maior
332 1027 593 1075 miseratio.
643 1034 811 1075 contra
840 1024 1059 1073 Tiberius
1093 1024 1387 1088 praeuipuos
1422 1022 1480 1071 ad
1517 1022 1707 1070 scelera
1743 1022 1810 1068 in·

145 1111 350 1160 crepans
383 1095 632 1145 vadmonuit
683 1093 738 1144 C.
781 1093 991 1143 Cestium
1030 1100 1213 1155 patrem
1260 1092 1426 1142 dicere
1463 1092 1649 1140 senatui
1689 1105 1811 1154 quae

143 1165 234 1214 sibi
281 1166 588 1230 scripsisset,
655 1164 967 1228 suscepitque
1006 1162 1198 1212 Cestius
1243 1162 1623 1211 accusationem.>
1684 1159 1813 1224 quod

142 1235 346 1283 maxime
376 1233 620 1282 exitiabile
646 1233 804 1281 tulere
827 1233 909 1281 illa
939 1240 1184 1295 tempora,
1224 1246 1329 1280 cum
1353 1233 1591 1295 primores
1616 1237 1812 1278 senatus

143 1305 325 1352 infimas
353 1305 492 1353 etiam
518 1302 787 1351 delationes
817 1308 1123 1363 exercerent,
1152 1300 1231 1350 alii
1257 1300 1536 1365 propalam,
1561 1299 1694 1347 multi
1724 1314 1812 1363 per
1832 1309 1868 1341 15

144 1373 409 1430 occultum;
437 1387 596 1437 neque
622 1371 928 1420 discerneres
955 1371 1141 1420 alienos
1167 1385 1194 1418 a
1221 1370 1512 1432 coniunctis,
1542 1370 1726 1417 amicos
1752 1367 1811 1416 ab

143 1443 339 1506 ignotis,
369 1441 482 1507 quid
507 1456 686 1506 repens
712 1449 790 1490 aut
815 1447 1054 1490 vetustate
1082 1439 1364 1488 obscurum:
1396 1438 1596 1503 perinde
1617 1438 1663 1485 in
1683 1438 1811 1499 for0,

142 1514 189 1565 in
218 1513 468 1574 convivio,
495 1526 682 1576 quaqua
710 1511 770 1559 de
796 1525 851 1558 re
879 1510 1026 1558 locuti
1053 1508 1417 1571 incusabantur,
1456 1515 1506 1556 ut
1536 1508 1642 1571 quis
1667 1521 1808 1571 prae-

141 1583 308 1630 venire
350 1589 398 1629 et
433 1596 566 1629 reum
603 1580 843 1628 destinare
885 1586 1140 1644 properat,
1186 1593 1301 1642 pars
1340 1577 1399 1626 ad
1439 1576 1697 1625 subsidium
1724 1577 1811 1636 sui,

142 1651 307 1715 plures
344 1650 508 1702 infecti
546 1650 681 1714 quasi
716 1649 993 1698 valetudine
1020 1655 1068 1696 et
1095 1655 1337 1697 contactu.
1392 1647 1479 1696 sed
1504 1645 1739 1695 Minucius
1768 1652 1814 1693 et
1829 1653 1871 1686 20

143 1721 384 1769 Servaeus
418 1719 621 1768 damnati
657 1718 893 1767 indicibus
923 1733 1199 1767 accessere.
1252 1718 1627 1781 tractique-sunt
1653 1715 1701 1762 in
1735 1729 1811 1764 ca-

143 1804 246 1838 sum
281 1789 484 1837 eundem
527 1788 672 1837 Iulius
716 1788 975 1837 Africanus
1024 1803 1050 1835 e
1098 1788 1324 1836 Santonis
1366 1785 1551 1839 Gallica
1600 1780 1811 1846 civitate,

143 1859 284 1906 Seius
310 1858 605 1919 Quadratus:
644 1859 879 1919 originem
903 1871 999 1909 non
1024 1859 1240 1921 repperi.
1291 1873 1448 1922 neque
1479 1870 1582 1905 sum
1617 1855 1813 1917 ignarus

145 1942 171 1976 a
195 1927 443 1991 plerisque
470 1925 790 1990 scriptoribus
816 1927 993 1975 omissa
1015 1926 1267 1974 multorum
1295 1928 1511 1992 pericula
1534 1935 1583 1976 et
1607 1939 1809 1993 poenaS,

145 1996 252 2044 dum
278 1997 419 2061 copia
443 1995 668 2044 fatiscunt
693 2002 798 2057 aut,
835 2010 957 2058 quae
988 1996 1106 2058 ipsis
1132 1996 1271 2044 nimia
1306 2003 1354 2045 et
1386 2005 1565 2045 maesta
1603 1997 1807 2056 fuerant,
1826 2006 1862 2038 25

144 2081 205 2114 ne
238 2067 339 2129 pari
375 2065 534 2113 taedio
570 2064 784 2121 lecturos
824 2063 1087 2112 adiicerent
1114 2063 1364 2114 verentur:
1401 2065 1542 2114 nohis
1579 2066 1810 2129 pleraque

144 2134 290 2197 digna
317 2134 511 2196 cognitu
544 2133 806 2198 obvenere,
836 2148 1115 2198 quamquam
1142 2133 1200 2182 ab
1230 2134 1338 2182 aliis
1369 2134 1683 2183 incelebrata.

245 2205 326 2253 14.
351 2203 470 2251 Nam
499 2218 556 2252 ea
581 2210 883 2266 tempestate,
914 2218 1006 2266 qua
1037 2204 1197 2251 Seiani
1225 2205 1475 2252 amicitiam
1503 2205 1655 2253 ceteri
1681 2203 1806 2251 falso
1840 2203 1867 2246 8

146 2281 394 2335 exuerant,
423 2288 564 2321 ausus
594 2280 668 2321 est
698 2287 848 2336 eques
872 2273 1114 2322 Romanus
1133 2272 1196 2321 Μ.
1224 2272 1495 2336 TerentiuS,
1525 2272 1587 2322 ob
1609 2272 1655 2321 id
1676 2288 1808 2335 reus,

144 2343 394 2406 amplecti,
421 2341 481 2390 ad
509 2340 634 2390 hunc
659 2341 847 2390 modum
875 2341 1002 2407 apud
1030 2349 1245 2390 senatum
1272 2342 1529 2392 ordiendo:
1568 2341 1809 2392 ‘fortunae

145 2411 334 2475 quidem
369 2425 507 2459 meae
551 2411 759 2460 fortasse
807 2411 959 2459 minus
1006 2411 1232 2475 expediat
1277 2412 1580 2476 adgnoscere
1629 2413 1808 2460 crimen

146 2495 286 2545 quam
306 2480 546 2529 abnuere:
575 2480 662 2529 sed
683 2478 936 2545 utcumque
963 2495 1133 2529 casura
1155 2496 1235 2529 res
1258 2489 1349 2545 est,
1371 2482 1563 2530 fatebor
1585 2489 1632 2529 et
1656 2481 1808 2528 fuisse
1827 2492 1846 2523 5

144 2564 219 2598 me
247 2550 423 2598 Seiano
456 2549 678 2611 amicum,
709 2557 756 2598 et
779 2557 826 2598 ut
847 2565 1005 2598 essem
1028 2551 1306 2614 expetisse,
1334 2558 1382 2600 et
1409 2558 1664 2615 postquam
1697 2549 1807 2597 ade-

146 2626 254 2683 ptus
294 2634 422 2667 eram
449 2618 686 2666 laetatum.
735 2618 944 2667 videram
972 2619 1214 2681 collegam
1239 2621 1389 2683 patris
1414 2620 1643 2682 regendis
1671 2633 1806 2682 prae-

143 2689 280 2736 toriis
308 2686 602 2750 cohortibus,
629 2701 740 2735 mox
767 2687 896 2735 urbis
918 2696 965 2735 et
985 2687 1180 2736 militiae
1201 2690 1356 2737 munia
1377 2688 1514 2737 simul
1534 2688 1805 2737 obeuntem.

145 2755 272 2804 illius
298 2758 556 2821 propinqui
582 2764 629 2804 et
661 2757 845 2804 adfines
875 2755 1140 2804 honoribus
1169 2757 1492 2820 augebantur;
1528 2765 1576 2806 ut
1602 2759 1808 2822 quisque

148 2824 323 2874 Seiano
350 2826 551 2888 intimuS,
579 2827 642 2874 ita
673 2825 731 2874 ad
758 2824 980 2874 Caesaris
1005 2826 1255 2874 amicitiam
1277 2826 1487 2875 validus:
1520 2835 1686 2877 contra
1706 2829 1805 2892 qui·
1823 2838 1865 2870 1⁰

147 2890 237 2940 bus
270 2894 483 2943 infensus
524 2903 683 2958 esset,
730 2901 856 2943 metu
896 2909 953 2942 ac
991 2894 1212 2944 sordibus
1248 2895 1655 2945 conflictabantur.
1716 2912 1806 2946 nec
