1976 3224
38 174 45 194 ἶ

36 197 57 235 ,εγ

633 190 808 227 LIBER
844 190 906 226 11.
947 190 1070 228 CAP.
1106 190 1209 230 1·—
1225 189 1266 232 6.
1715 171 1782 230 213

45 317 64 355 ·'
115 316 453 365 Arsacidarum
479 319 525 365 vi
552 332 703 380 seque
719 307 1026 380 regnumque
1047 324 1221 365 tutatus
1247 324 1336 365 est.
1389 319 1555 366 occiso
1581 318 1782 367 Artaxia

116 401 203 450 per
233 386 392 434 dolum
418 387 820 451 propinquorum,
849 386 986 435 datus
1007 402 1031 435 a
1050 385 1261 435 Caesare
1285 386 1525 435 Armeniis
1546 387 1780 450 Tigranes

115 455 443 519 deductusque
481 457 528 503 in
552 471 753 518 regnum
782 471 808 504 a
833 455 1029 511 Tiberio
1057 455 1269 503 Nerone.
1333 471 1425 504 nec
1453 457 1647 519 Tigrani
1681 457 1778 505 diu·
1796 477 1839 510 ω

114 533 299 573 turnum
323 526 572 588 imperium
603 525 691 573 fuit
717 540 872 589 neque
900 525 1064 573 liberis
1090 527 1218 587 eius,
1259 540 1540 589 quamquam
1582 527 1780 575 sociatis

111 608 247 643 more
275 602 478 643 externo
509 595 555 641 in
581 595 925 642 matrimonium
949 610 1262 658 regnumque.

222 666 272 712 4.
298 663 422 711 Dein
455 665 586 711 iussu
617 663 823 726 Augusti
858 665 1095 727 inpositus
1130 664 1425 713 Artavasdes
1465 672 1512 712 et
1548 679 1642 712 non
1677 665 1781 714 sine

115 733 254 782 clade
289 740 452 781 nostra
488 733 722 780 deiectus.
789 741 885 781 tum
914 733 1057 783 Gaius
1086 733 1266 782 Caesar
1295 734 1659 796 componendae
1690 734 1780 782 Ar-

111 804 298 852 meniae
341 802 581 865 deligitur.
654 804 693 850 is
719 801 1113 866 Ariobarzanen,
1153 804 1339 865 origine
1370 803 1587 865 Medum,
1626 803 1687 851 ob
1713 804 1779 851 in-

111 875 299 936 signem
335 872 558 936 corporis
587 872 786 920 formam
833 880 880 920 et
925 872 1226 936 praeclarum
1264 873 1465 920 animum
1508 872 1782 921 volentibus

111 942 349 991 Armeniis
372 941 624 1005 praefecit.
664 940 995 990 Ariobarzane
1015 949 1169 990 morte
1189 942 1379 990 fortuita
1400 942 1649 1005 absumpto
1671 944 1775 990 stir-
1795 960 1818 993 ε

113 1027 223 1077 pem
249 1011 352 1059 eius
378 1010 502 1059 haud
527 1011 827 1067 toleravere;
857 1018 1184 1075 temptatoque
1211 1011 1418 1059 feminae
1443 1012 1644 1075 imperio
1662 1049 1675 1073 ,
1706 1013 1782 1060 cui

112 1096 286 1131 nomen
313 1080 461 1130 Erato
478 1117 492 1143 ,
534 1095 687 1144 eaque
709 1080 847 1128 brevi
873 1081 1011 1144 pulsa
1030 1118 1043 1143 ,
1083 1082 1251 1129 incerti
1280 1081 1520 1144 solutique
1556 1089 1603 1129 et
1627 1083 1782 1144 magis

89 1153 215 1217 ‘sine
243 1150 435 1200 domino
468 1165 607 1213 quam
633 1152 677 1198 in
702 1150 926 1198 libertate
951 1150 1207 1213 profugum
1231 1150 1471 1198 Vononen
1499 1151 1546 1198 in
1580 1165 1782 1213 regnum

113 1220 369 1284 accipiunt.
429 1218 517 1268 sed
557 1219 636 1267 ubi
668 1220 871 1268 minitari
910 1219 1183 1268 Artabanus
1220 1227 1266 1267 et
1298 1234 1463 1283 parum
1503 1219 1699 1268 subsidii
1734 1221 1781 1268 in

111 1289 379 1352 Armeniis,
403 1288 508 1352 vel,
531 1289 569 1335 si
588 1297 751 1337 nostra
771 1290 816 1337 vi
839 1288 1202 1351 defenderetur,
1226 1289 1403 1337 bellum
1425 1288 1655 1338 adversus
1667 1289 1778 1338 Par·
1799 1310 1841 1343 10

55 1369 59 1371 ’
111 1360 220 1408 thos
246 1357 522 1406 sumendum
551 1365 681 1421 erat,
724 1365 888 1406 rector
915 1359 1081 1406 Suriae
1109 1357 1328 1406 Creticus
1356 1358 1544 1407 Silanus
1576 1360 1783 1408 excitum

113 1428 330 1477 custodia
356 1427 639 1487 circumdat,
666 1435 886 1476 manente
917 1428 1030 1476 luxu
1063 1435 1111 1476 et
1133 1430 1273 1490 regio
1299 1429 1503 1476 nomine.
1559 1428 1687 1492 quod
1714 1429 1782 1476 lu-

113 1499 311 1547 dibrium
337 1504 385 1545 ut
411 1497 627 1559 effugere
658 1498 910 1559 agitaverit
937 1498 1170 1546 Vonones
1188 1535 1201 1559 ,
1229 1499 1276 1545 in
1302 1497 1413 1546 loco
1440 1497 1710 1546 reddemuS.

215 1568 262 1616 5.
300 1565 524 1617 Ceterum
559 1566 754 1615 Tiberio
786 1566 933 1615 v’haud
976 1570 1210 1629 ingratum
1260 1568 1434 1615 accidit
1479 1567 1659 1615 turbari
1700 1583 1782 1616 res

111 1638 333 1699 orientiS,
370 1643 421 1684 ut
455 1652 512 1684 ea
559 1637 726 1700 specie
754 1635 1083 1685 Germanicum
1118 1638 1264 1684 suetis
1302 1636 1575 1698 legionibus
1602 1636 1781 1686 abstra-

111 1707 249 1756 heret
293 1707 528 1770 novisque
573 1706 834 1769 provinciis
879 1707 1137 1768 inpositum
1174 1705 1286 1754 dolo
1331 1706 1468 1754 simul
1505 1714 1552 1754 et
1590 1705 1782 1755 casibus

113 1776 398 1825 obiectaret.
461 1782 506 1824 at
534 1775 615 1823 ille
631 1804 657 1837 ,-
687 1782 862 1838 quanto
898 1775 1089 1823 acriora
1116 1776 1163 1822 in
1195 1790 1300 1822 eum
1329 1775 1482 1824 studia
1508 1775 1705 1824 militum
1735 1783 1784 1824 et

113 1860 284 1896 aversa
320 1845 475 1908 patrui
508 1845 756 1906 voluntaS,
806 1844 1092 1892 celerandae
1129 1846 1363 1893 victoriae
1398 1846 1649 1907 intentior,
1692 1852 1823 1894 tra-5

116 1922 246 1963 ctare
282 1913 575 1976 proeliorum
610 1913 713 1960 vias
754 1921 801 1960 et
829 1928 951 1976 quae
989 1912 1078 1960 sibi
1116 1914 1302 1962 tertium
1328 1915 1418 1962 iam
1449 1929 1618 1963 annum
1645 1914 1782 1962 belli-

113 1983 303 2047 geranti
331 1997 479 2031 saeva
502 1981 582 2030 vel
609 1997 848 2046 prospera
873 1984 1164 2029 evenissent.
1229 1983 1358 2030 fundi
1387 1983 1651 2033 Germanos
1676 1985 1782 2031 acie

112 2060 160 2101 et
183 2052 319 2100 iustis
345 2052 494 2114 locis,
527 2052 675 2099 iuvari
702 2051 862 2113 silvis,
893 2051 1171 2114 paludibuS,
1197 2051 1332 2099 brevi
1360 2060 1543 2100 aestate
1571 2059 1619 2099 et
1643 2067 1781 2116 prae-

111 2129 291 2170 matura
315 2121 500 2177 hieme;
538 2135 670 2168 suum
704 2120 898 2168 militem
931 2120 1054 2168 haud
1093 2121 1290 2184 perinde
1329 2120 1607 2169 vulneribus
1643 2136 1783 2185 quam

112 2191 280 2255 spatiis
323 2192 567 2252 itinerum,
607 2190 776 2238 damno
815 2204 1052 2238 armorum
1087 2190 1249 2246 adfici:
1296 2191 1454 2239 fessas
1481 2189 1661 2239 Gallias
1697 2191 1781 2239 mi-
1799 2198 1841 2232 10

113 2259 366 2308 nistrandis
392 2262 553 2323 equis;
592 2259 788 2322 longum
827 2259 1269 2322 impedimentorum
1296 2275 1467 2322 agmen
1498 2267 1783 2323 oportunum

112 2329 172 2378 ad
191 2329 416 2391 insidias,
439 2327 797 2377 defensantibus
818 2329 1041 2391 iniquum.
1098 2336 1145 2376 at
1167 2330 1205 2376 si
1225 2345 1354 2378 mare
1371 2330 1593 2392 intretur,
1623 2344 1781 2393 prom-

115 2406 242 2462 ptam
277 2399 394 2462 ipsis
426 2399 788 2461 possessionem
825 2405 872 2445 et
906 2398 1124 2446 hostibus
1154 2399 1390 2461 ignotam,
1429 2398 1566 2446 simul
1603 2397 1782 2446 bellum

114 2469 339 2518 maturius
377 2467 523 2530 incipi
559 2467 879 2530 legionesque
914 2475 962 2516 et
1003 2475 1293 2516 commeatus
1330 2469 1509 2532 pariter
1541 2467 1674 2524 vehi;
1711 2467 1779 2514 in-

116 2543 307 2600 tegrum
334 2537 540 2600 equitem
577 2550 827 2599 equosque
864 2551 953 2600 per
980 2551 1064 2585 ora
1095 2544 1143 2586 et
1170 2537 1338 2585 alveos
1363 2537 1596 2585 fluminum
1622 2535 1774 2584 media
1798 2548 1839 2581 15

116 2606 160 2652 in
189 2605 441 2654 Germania
468 2606 591 2653 fore.

217 2674 266 2723 6.
314 2675 466 2737 Igitur
509 2674 601 2721 huc
648 2673 870 2735 intendit,
916 2674 1074 2721 missis
1126 2673 1185 2721 ad
1228 2687 1401 2721 census
1438 2672 1694 2721 Galliarum
1726 2673 1781 2722 P.

117 2742 312 2792 Vitellio
340 2751 387 2792 et
412 2743 466 2792 C.
493 2743 653 2791 Antio.
709 2741 853 2790 Silius
879 2750 925 2790 et
950 2742 1149 2790 Anteius
1177 2749 1223 2789 et
1245 2739 1451 2789 Caecina
1476 2741 1784 2791 fabricandae

118 2811 261 2861 classi
288 2819 660 2877 praeponuntur.
719 2811 848 2859 mille
874 2825 1023 2859 naves
1050 2811 1273 2859 sufficere
1311 2812 1444 2858 visae
1471 2818 1782 2874 properatae·

117 2893 235 2944 que,
264 2881 386 2930 aliae
413 2882 614 2943 breveS,
642 2887 842 2942 angusta
866 2880 1014 2944 puppi
1041 2894 1281 2943 proraque
1309 2887 1355 2927 et
1381 2879 1475 2928 lato
1498 2871 1658 2943 utero,
1687 2895 1784 2944 quo
