<?xml version="1.0" encoding="UTF-8"?>
<!DOCTYPE html PUBLIC "-//W3C//DTD XHTML 1.0 Transitional//EN"
    "http://www.w3.org/TR/xhtml1/DTD/xhtml1-transitional.dtd">
<html xmlns="http://www.w3.org/1999/xhtml" xml:lang="en" lang="en">
 <head>
  <title>
</title>
<meta http-equiv="Content-Type" content="text/html;charset=utf-8" />
  <meta name='ocr-system' content='tesseract 3.04.00' />
  <meta name='ocr-capabilities' content='ocr_page ocr_carea ocr_par ocr_line ocrx_word'/>
</head>
<body>
  <div class='ocr_page' id='page_1' title='image "./libriquisupersun01taciuoft_0146.png"; bbox 0 0 1976 3224; ppageno 0'>
   <div class='ocr_carea' id='block_1_1' title="bbox 198 179 1447 234">
    <p class='ocr_par' dir='ltr' id='par_1_1' title="bbox 198 179 1447 234">
     <span class='ocr_line' id='line_1_1' title="bbox 198 179 1447 234; baseline 0.002 -5"><span class='ocrx_word' id='word_1_1' title='bbox 198 179 264 229; x_wconf 83' lang='grc'><strong>88</strong></span> <span class='ocrx_word' id='word_1_2' title='bbox 625 191 901 229; x_wconf 80' lang='lat' dir='ltr'>CORNELII</span> <span class='ocrx_word' id='word_1_3' title='bbox 927 191 1120 230; x_wconf 74' lang='grc' dir='ltr'><strong>ΤΑΟΙΤΙ</strong></span> <span class='ocrx_word' id='word_1_4' title='bbox 1142 193 1447 234; x_wconf 75' lang='lat' dir='ltr'><strong>ANNALmM</strong></span> 
     </span>
    </p>
   </div>
   <div class='ocr_carea' id='block_1_2' title="bbox 129 319 1878 2954">
    <p class='ocr_par' dir='ltr' id='par_1_2' title="bbox 136 319 1873 589">
     <span class='ocr_line' id='line_1_2' title="bbox 136 319 1873 383; baseline 0.002 -17"><span class='ocrx_word' id='word_1_5' title='bbox 136 334 178 366; x_wconf 69' lang='grc' dir='ltr'><strong>ιο</strong></span> <span class='ocrx_word' id='word_1_6' title='bbox 196 319 456 382; x_wconf 81' lang='lat' dir='ltr'>signiferos</span> <span class='ocrx_word' id='word_1_7' title='bbox 501 319 631 383; x_wconf 91' lang='lat' dir='ltr'><strong>quod</strong></span> <span class='ocrx_word' id='word_1_8' title='bbox 666 319 922 368; x_wconf 88' lang='lat' dir='ltr'><strong>inconditis</strong></span> <span class='ocrx_word' id='word_1_9' title='bbox 965 327 1043 368; x_wconf 91' lang='lat' dir='ltr'><strong>aut</strong></span> <span class='ocrx_word' id='word_1_10' title='bbox 1078 320 1411 369; x_wconf 81' lang='lat' dir='ltr'><strong>desertoribus</strong></span> <span class='ocrx_word' id='word_1_11' title='bbox 1455 322 1592 370; x_wconf 88' lang='lat' dir='ltr'><strong>miles</strong></span> <span class='ocrx_word' id='word_1_12' title='bbox 1628 321 1873 371; x_wconf 86' lang='lat' dir='ltr'><strong>Romanus-</strong></span> 
     </span>
     <span class='ocr_line' id='line_1_3' title="bbox 193 389 1873 454; baseline 0.002 -17"><span class='ocrx_word' id='word_1_13' title='bbox 193 396 332 452; x_wconf 87' lang='lat' dir='ltr'><strong>terga</strong></span> <span class='ocrx_word' id='word_1_14' title='bbox 361 389 523 444; x_wconf 88' lang='lat' dir='ltr'><strong>daret;</strong></span> <span class='ocrx_word' id='word_1_15' title='bbox 563 389 703 436; x_wconf 90' lang='lat' dir='ltr'><strong>simul</strong></span> <span class='ocrx_word' id='word_1_16' title='bbox 731 395 962 452; x_wconf 88' lang='lat' dir='ltr'><strong>exceptat</strong></span> <span class='ocrx_word' id='word_1_17' title='bbox 992 389 1189 438; x_wconf 88' lang='lat' dir='ltr'><strong>vulnera</strong></span> <span class='ocrx_word' id='word_1_18' title='bbox 1221 398 1270 438; x_wconf 91' lang='lat' dir='ltr'><strong>et</strong></span> <span class='ocrx_word' id='word_1_19' title='bbox 1292 405 1572 454; x_wconf 91' lang='lat' dir='ltr'><strong>quamquam</strong></span> <span class='ocrx_word' id='word_1_20' title='bbox 1598 391 1873 440; x_wconf 82' lang='lat' dir='ltr'><strong>transfosso</strong></span> 
     </span>
     <span class='ocr_line' id='line_1_4' title="bbox 194 458 1868 525; baseline 0.001 -19"><span class='ocrx_word' id='word_1_21' title='bbox 194 458 339 506; x_wconf 90' lang='lat' dir='ltr'><strong>oculo</strong></span> <span class='ocrx_word' id='word_1_22' title='bbox 368 458 624 506; x_wconf 87' lang='lat' dir='ltr'><strong>adversum</strong></span> <span class='ocrx_word' id='word_1_23' title='bbox 651 472 707 506; x_wconf 92' lang='lat' dir='ltr'><strong>os</strong></span> <span class='ocrx_word' id='word_1_24' title='bbox 735 459 783 506; x_wconf 91' lang='lat' dir='ltr'><strong>in</strong></span> <span class='ocrx_word' id='word_1_25' title='bbox 809 458 996 506; x_wconf 85' lang='lat' dir='ltr'><strong>hostem</strong></span> <span class='ocrx_word' id='word_1_26' title='bbox 1029 459 1257 522; x_wconf 78' lang='lat' dir='ltr'><strong>intendit,</strong></span> <span class='ocrx_word' id='word_1_27' title='bbox 1294 475 1454 524; x_wconf 90' lang='lat' dir='ltr'><strong>neque</strong></span> <span class='ocrx_word' id='word_1_28' title='bbox 1492 460 1728 525; x_wconf 91' lang='lat' dir='ltr'><strong>proelium</strong></span> <span class='ocrx_word' id='word_1_29' title='bbox 1752 461 1868 508; x_wconf 90' lang='lat' dir='ltr'><strong>omi-</strong></span> 
     </span>
     <span class='ocr_line' id='line_1_5' title="bbox 193 527 1081 589; baseline 0 -15"><span class='ocrx_word' id='word_1_30' title='bbox 193 529 270 589; x_wconf 88' lang='lat' dir='ltr'><strong>sit,</strong></span> <span class='ocrx_word' id='word_1_31' title='bbox 302 527 459 576; x_wconf 91' lang='lat' dir='ltr'><strong>donec</strong></span> <span class='ocrx_word' id='word_1_32' title='bbox 487 527 710 576; x_wconf 87' lang='lat' dir='ltr'><strong>desertus</strong></span> <span class='ocrx_word' id='word_1_33' title='bbox 738 528 836 576; x_wconf 90' lang='lat' dir='ltr'><strong>suis</strong></span> <span class='ocrx_word' id='word_1_34' title='bbox 867 527 1081 576; x_wconf 89' lang='lat' dir='ltr'><strong>caderet.</strong></span> 
     </span>
    </p>

    <p class='ocr_par' dir='ltr' id='par_1_3' title="bbox 190 595 1876 869">
     <span class='ocr_line' id='line_1_6' title="bbox 237 595 1869 664; baseline 0.002 -19"><span class='ocrx_word' id='word_1_35' title='bbox 237 621 264 637; x_wconf 51' lang='lat' dir='ltr'>x</span> <span class='ocrx_word' id='word_1_36' title='bbox 296 597 379 645; x_wconf 84' lang='lat'><strong>21.</strong></span> <span class='ocrx_word' id='word_1_37' title='bbox 422 595 559 656; x_wconf 83' lang='lat' dir='ltr'>Quae</span> <span class='ocrx_word' id='word_1_38' title='bbox 587 604 843 661; x_wconf 81' lang='lat' dir='ltr'><strong>postquam</strong></span> <span class='ocrx_word' id='word_1_39' title='bbox 867 596 919 645; x_wconf 93' lang='lat' dir='ltr'><strong>L.</strong></span> <span class='ocrx_word' id='word_1_40' title='bbox 947 596 1167 661; x_wconf 87' lang='lat' dir='ltr'><strong>Apronio</strong></span> <span class='ocrx_word' id='word_1_41' title='bbox 1207 599 1343 664; x_wconf 88' lang='lat' dir='ltr'><strong>(nam</strong></span> <span class='ocrx_word' id='word_1_42' title='bbox 1371 597 1574 648; x_wconf 87' lang='lat' dir='ltr'><strong>Camillo</strong></span> <span class='ocrx_word' id='word_1_43' title='bbox 1611 614 1869 648; x_wconf 84' lang='lat' dir='ltr'><strong>successe·</strong></span> 
     </span>
     <span class='ocr_line' id='line_1_7' title="bbox 190 666 1876 732; baseline 0.001 -17"><span class='ocrx_word' id='word_1_44' title='bbox 190 666 292 730; x_wconf 88' lang='lat' dir='ltr'><strong>rat)</strong></span> <span class='ocrx_word' id='word_1_45' title='bbox 323 673 601 731; x_wconf 89' lang='lat' dir='ltr'><strong>comperta,</strong></span> <span class='ocrx_word' id='word_1_46' title='bbox 641 667 795 729; x_wconf 88' lang='lat' dir='ltr'><strong>magis</strong></span> <span class='ocrx_word' id='word_1_47' title='bbox 831 666 1078 715; x_wconf 84' lang='lat' dir='ltr'><strong>dedecore</strong></span> <span class='ocrx_word' id='word_1_48' title='bbox 1115 682 1309 716; x_wconf 90' lang='lat' dir='ltr'><strong>suorum</strong></span> <span class='ocrx_word' id='word_1_49' title='bbox 1347 683 1485 732; x_wconf 90' lang='lat' dir='ltr'><strong>quam</strong></span> <span class='ocrx_word' id='word_1_50' title='bbox 1522 669 1679 731; x_wconf 86' lang='lat' dir='ltr'><strong>gloria</strong></span> <span class='ocrx_word' id='word_1_51' title='bbox 1714 668 1876 718; x_wconf 81' lang='lat' dir='ltr'><strong>hostis</strong></span> 
     </span>
     <span class='ocr_line' id='line_1_8' title="bbox 193 731 1867 800; baseline 0.002 -17"><span class='ocrx_word' id='word_1_52' title='bbox 193 736 388 798; x_wconf 88' lang='lat' dir='ltr'><strong>anxius,</strong></span> <span class='ocrx_word' id='word_1_53' title='bbox 426 750 538 784; x_wconf 90' lang='lat' dir='ltr'><strong>raro</strong></span> <span class='ocrx_word' id='word_1_54' title='bbox 565 750 622 784; x_wconf 92' lang='lat' dir='ltr'><strong>ea</strong></span> <span class='ocrx_word' id='word_1_55' title='bbox 647 743 936 800; x_wconf 85' lang='lat' dir='ltr'><strong>tempestate</strong></span> <span class='ocrx_word' id='word_1_56' title='bbox 964 744 1011 784; x_wconf 90' lang='lat' dir='ltr'><strong>et</strong></span> <span class='ocrx_word' id='word_1_57' title='bbox 1036 751 1062 784; x_wconf 91' lang='lat' dir='ltr'><strong>e</strong></span> <span class='ocrx_word' id='word_1_58' title='bbox 1089 745 1258 786; x_wconf 89' lang='lat' dir='ltr'><strong>vetere</strong></span> <span class='ocrx_word' id='word_1_59' title='bbox 1284 731 1514 786; x_wconf 86' lang='lat' dir='ltr'><strong>memoria</strong></span> <span class='ocrx_word' id='word_1_60' title='bbox 1538 738 1755 787; x_wconf 89' lang='lat' dir='ltr'><strong>facinore</strong></span> <span class='ocrx_word' id='word_1_61' title='bbox 1784 737 1867 787; x_wconf 87' lang='lat' dir='ltr'><strong>de-</strong></span> 
     </span>
     <span class='ocr_line' id='line_1_9' title="bbox 194 805 1867 869; baseline 0.001 -16"><span class='ocrx_word' id='word_1_62' title='bbox 194 821 378 853; x_wconf 91' lang='lat' dir='ltr'><strong>cumum</strong></span> <span class='ocrx_word' id='word_1_63' title='bbox 424 820 664 869; x_wconf 89' lang='lat' dir='ltr'><strong>quemque</strong></span> <span class='ocrx_word' id='word_1_64' title='bbox 709 806 1059 868; x_wconf 84' lang='lat' dir='ltr'><strong>ignominiosae</strong></span> <span class='ocrx_word' id='word_1_65' title='bbox 1111 805 1326 856; x_wconf 87' lang='lat' dir='ltr'><strong>cohortis</strong></span> <span class='ocrx_word' id='word_1_66' title='bbox 1365 815 1498 856; x_wconf 86' lang='lat' dir='ltr'><strong>sorte</strong></span> <span class='ocrx_word' id='word_1_67' title='bbox 1544 808 1714 856; x_wconf 87' lang='lat' dir='ltr'><strong>ductos</strong></span> <span class='ocrx_word' id='word_1_68' title='bbox 1754 806 1867 855; x_wconf 86' lang='lat' dir='ltr'><strong>fusti</strong></span> 
     </span>
    </p>

    <p class='ocr_par' dir='ltr' id='par_1_4' title="bbox 151 876 1869 1219">
     <span class='ocr_line' id='line_1_10' title="bbox 151 876 1866 939; baseline 0.001 -16"><span class='ocrx_word' id='word_1_69' title='bbox 151 886 171 917; x_wconf 86' lang='lat'><strong>5</strong></span> <span class='ocrx_word' id='word_1_70' title='bbox 192 881 350 924; x_wconf 86' lang='lat' dir='ltr'><strong>necat.</strong></span> <span class='ocrx_word' id='word_1_71' title='bbox 388 882 665 939; x_wconf 89' lang='lat' dir='ltr'><strong>tantumque</strong></span> <span class='ocrx_word' id='word_1_72' title='bbox 687 876 952 923; x_wconf 87' lang='lat' dir='ltr'><strong>severitate</strong></span> <span class='ocrx_word' id='word_1_73' title='bbox 973 876 1264 939; x_wconf 81' lang='lat' dir='ltr'><strong>profectum,</strong></span> <span class='ocrx_word' id='word_1_74' title='bbox 1290 884 1341 924; x_wconf 91' lang='lat' dir='ltr'><strong>ut</strong></span> <span class='ocrx_word' id='word_1_75' title='bbox 1360 876 1590 925; x_wconf 85' lang='lat' dir='ltr'><strong>vexillum</strong></span> <span class='ocrx_word' id='word_1_76' title='bbox 1609 884 1866 925; x_wconf 87' lang='lat' dir='ltr'><strong>veterano-</strong></span> 
     </span>
     <span class='ocr_line' id='line_1_11' title="bbox 190 945 1866 1009; baseline 0.002 -17"><span class='ocrx_word' id='word_1_77' title='bbox 190 960 312 1007; x_wconf 89' lang='lat' dir='ltr'><strong>rum,</strong></span> <span class='ocrx_word' id='word_1_78' title='bbox 340 958 436 992; x_wconf 93' lang='lat' dir='ltr'><strong>non</strong></span> <span class='ocrx_word' id='word_1_79' title='bbox 463 945 666 1008; x_wconf 87' lang='lat' dir='ltr'><strong>amplius</strong></span> <span class='ocrx_word' id='word_1_80' title='bbox 695 959 834 1008; x_wconf 89' lang='lat' dir='ltr'><strong>quam</strong></span> <span class='ocrx_word' id='word_1_81' title='bbox 865 946 1110 1008; x_wconf 85' lang='lat' dir='ltr'><strong>quingenti</strong></span> <span class='ocrx_word' id='word_1_82' title='bbox 1130 960 1347 1009; x_wconf 89' lang='lat' dir='ltr'><strong>numero,</strong></span> <span class='ocrx_word' id='word_1_83' title='bbox 1376 947 1572 995; x_wconf 89' lang='lat' dir='ltr'><strong>easdem</strong></span> <span class='ocrx_word' id='word_1_84' title='bbox 1590 945 1866 995; x_wconf 85' lang='lat' dir='ltr'><strong>Tacfarina-</strong></span> 
     </span>
     <span class='ocr_line' id='line_1_12' title="bbox 189 1013 1867 1079; baseline 0.001 -17"><span class='ocrx_word' id='word_1_85' title='bbox 189 1015 251 1062; x_wconf 87' lang='lat' dir='ltr'><strong>tis</strong></span> <span class='ocrx_word' id='word_1_86' title='bbox 292 1015 459 1079; x_wconf 90' lang='lat' dir='ltr'><strong>copias</strong></span> <span class='ocrx_word' id='word_1_87' title='bbox 497 1013 786 1078; x_wconf 90' lang='lat' dir='ltr'><strong>praesidium</strong></span> <span class='ocrx_word' id='word_1_88' title='bbox 827 1016 903 1062; x_wconf 88' lang='lat' dir='ltr'><strong>cui</strong></span> <span class='ocrx_word' id='word_1_89' title='bbox 940 1013 1090 1063; x_wconf 89' lang='lat' dir='ltr'><strong>Thala</strong></span> <span class='ocrx_word' id='word_1_90' title='bbox 1123 1029 1297 1064; x_wconf 91' lang='lat' dir='ltr'><strong>nomen</strong></span> <span class='ocrx_word' id='word_1_91' title='bbox 1343 1016 1605 1079; x_wconf 88' lang='lat' dir='ltr'><strong>adgressas</strong></span> <span class='ocrx_word' id='word_1_92' title='bbox 1638 1016 1867 1070; x_wconf 87' lang='lat' dir='ltr'><strong>fuderint.</strong></span> 
     </span>
     <span class='ocr_line' id='line_1_13' title="bbox 191 1082 1869 1148; baseline 0.001 -17"><span class='ocrx_word' id='word_1_93' title='bbox 191 1097 287 1148; x_wconf 91' lang='lat' dir='ltr'><strong>quo</strong></span> <span class='ocrx_word' id='word_1_94' title='bbox 314 1083 506 1148; x_wconf 90' lang='lat' dir='ltr'><strong>proelio</strong></span> <span class='ocrx_word' id='word_1_95' title='bbox 541 1082 693 1131; x_wconf 86' lang='lat' dir='ltr'><strong>Rufus</strong></span> <span class='ocrx_word' id='word_1_96' title='bbox 721 1082 921 1131; x_wconf 86' lang='lat' dir='ltr'><strong>Helvius</strong></span> <span class='ocrx_word' id='word_1_97' title='bbox 942 1085 1196 1147; x_wconf 85' lang='lat' dir='ltr'><strong>gregarius</strong></span> <span class='ocrx_word' id='word_1_98' title='bbox 1216 1085 1356 1134; x_wconf 90' lang='lat' dir='ltr'><strong>miles</strong></span> <span class='ocrx_word' id='word_1_99' title='bbox 1378 1086 1558 1134; x_wconf 86' lang='lat' dir='ltr'><strong>servati</strong></span> <span class='ocrx_word' id='word_1_100' title='bbox 1579 1086 1698 1133; x_wconf 87' lang='lat' dir='ltr'><strong>civis</strong></span> <span class='ocrx_word' id='word_1_101' title='bbox 1715 1085 1869 1133; x_wconf 86' lang='lat' dir='ltr'><strong>decus</strong></span> 
     </span>
     <span class='ocr_line' id='line_1_14' title="bbox 189 1152 1864 1219; baseline 0.001 -18"><span class='ocrx_word' id='word_1_102' title='bbox 189 1153 373 1201; x_wconf 88' lang='lat' dir='ltr'><strong>rettulit</strong></span> <span class='ocrx_word' id='word_1_103' title='bbox 400 1153 700 1216; x_wconf 83' lang='lat' dir='ltr'><strong>donatusque</strong></span> <span class='ocrx_word' id='word_1_104' title='bbox 733 1160 808 1202; x_wconf 88' lang='lat' dir='ltr'><strong>est</strong></span> <span class='ocrx_word' id='word_1_105' title='bbox 833 1152 891 1201; x_wconf 90' lang='lat' dir='ltr'><strong>ab</strong></span> <span class='ocrx_word' id='word_1_106' title='bbox 915 1152 1135 1217; x_wconf 86' lang='lat' dir='ltr'><strong>Apronio</strong></span> <span class='ocrx_word' id='word_1_107' title='bbox 1161 1155 1415 1219; x_wconf 87' lang='lat' dir='ltr'><strong>torquibus</strong></span> <span class='ocrx_word' id='word_1_108' title='bbox 1451 1163 1500 1203; x_wconf 91' lang='lat' dir='ltr'><strong>et</strong></span> <span class='ocrx_word' id='word_1_109' title='bbox 1535 1154 1689 1203; x_wconf 91' lang='lat' dir='ltr'><strong>hasta.</strong></span> <span class='ocrx_word' id='word_1_110' title='bbox 1743 1152 1864 1202; x_wconf 84' lang='lat' dir='ltr'><strong>Cae·</strong></span> 
     </span>
    </p>

    <p class='ocr_par' dir='ltr' id='par_1_5' title="bbox 132 1222 1867 1565">
     <span class='ocr_line' id='line_1_15' title="bbox 132 1222 1856 1289; baseline 0 -20"><span class='ocrx_word' id='word_1_111' title='bbox 132 1236 173 1269; x_wconf 91' lang='lat'><strong>10</strong></span> <span class='ocrx_word' id='word_1_112' title='bbox 190 1237 270 1270; x_wconf 86' lang='lat' dir='ltr'><strong>sar</strong></span> <span class='ocrx_word' id='word_1_113' title='bbox 296 1222 477 1271; x_wconf 88' lang='lat' dir='ltr'><strong>addidit</strong></span> <span class='ocrx_word' id='word_1_114' title='bbox 502 1223 702 1271; x_wconf 89' lang='lat' dir='ltr'><strong>civicam</strong></span> <span class='ocrx_word' id='word_1_115' title='bbox 731 1236 987 1286; x_wconf 88' lang='lat' dir='ltr'><strong>coronam,</strong></span> <span class='ocrx_word' id='word_1_116' title='bbox 1033 1225 1163 1288; x_wconf 90' lang='lat' dir='ltr'><strong>quod</strong></span> <span class='ocrx_word' id='word_1_117' title='bbox 1197 1239 1292 1273; x_wconf 93' lang='lat' dir='ltr'><strong>non</strong></span> <span class='ocrx_word' id='word_1_118' title='bbox 1332 1240 1438 1273; x_wconf 91' lang='lat' dir='ltr'><strong>eam</strong></span> <span class='ocrx_word' id='word_1_119' title='bbox 1473 1238 1670 1289; x_wconf 89' lang='lat' dir='ltr'><strong>quoque</strong></span> <span class='ocrx_word' id='word_1_120' title='bbox 1706 1223 1856 1288; x_wconf 79' lang='lat' dir='ltr'><strong>Apro.</strong></span> 
     </span>
     <span class='ocr_line' id='line_1_16' title="bbox 187 1292 1858 1359; baseline 0 -19"><span class='ocrx_word' id='word_1_121' title='bbox 187 1293 295 1340; x_wconf 91' lang='lat' dir='ltr'><strong>nius</strong></span> <span class='ocrx_word' id='word_1_122' title='bbox 322 1293 426 1340; x_wconf 92' lang='lat' dir='ltr'><strong>iure</strong></span> <span class='ocrx_word' id='word_1_123' title='bbox 453 1293 762 1357; x_wconf 81' lang='lat' dir='ltr'><strong>proconsulis</strong></span> <span class='ocrx_word' id='word_1_124' title='bbox 799 1292 1075 1359; x_wconf 80' lang='lat' dir='ltr'><strong>tribuisset,</strong></span> <span class='ocrx_word' id='word_1_125' title='bbox 1113 1302 1312 1358; x_wconf 89' lang='lat' dir='ltr'><strong>questus</strong></span> <span class='ocrx_word' id='word_1_126' title='bbox 1349 1295 1502 1357; x_wconf 88' lang='lat' dir='ltr'><strong>magis</strong></span> <span class='ocrx_word' id='word_1_127' title='bbox 1539 1309 1676 1358; x_wconf 91' lang='lat' dir='ltr'><strong>quam</strong></span> <span class='ocrx_word' id='word_1_128' title='bbox 1715 1293 1858 1342; x_wconf 86' lang='lat' dir='ltr'><strong>offen-</strong></span> 
     </span>
     <span class='ocr_line' id='line_1_17' title="bbox 189 1361 1866 1427; baseline -0.001 -16"><span class='ocrx_word' id='word_1_129' title='bbox 189 1377 288 1411; x_wconf 91' lang='lat' dir='ltr'><strong>sus.</strong></span> <span class='ocrx_word' id='word_1_130' title='bbox 343 1361 431 1410; x_wconf 91' lang='lat' dir='ltr'><strong>sed</strong></span> <span class='ocrx_word' id='word_1_131' title='bbox 470 1361 750 1410; x_wconf 83' lang='lat' dir='ltr'><strong>Tacfarinas</strong></span> <span class='ocrx_word' id='word_1_132' title='bbox 787 1362 1030 1426; x_wconf 89' lang='lat' dir='ltr'><strong>perculsis</strong></span> <span class='ocrx_word' id='word_1_133' title='bbox 1067 1363 1284 1412; x_wconf 83' lang='lat' dir='ltr'><strong>Numidis</strong></span> <span class='ocrx_word' id='word_1_134' title='bbox 1311 1372 1359 1412; x_wconf 91' lang='lat' dir='ltr'><strong>et</strong></span> <span class='ocrx_word' id='word_1_135' title='bbox 1390 1363 1577 1412; x_wconf 91' lang='lat' dir='ltr'><strong>obsidia</strong></span> <span class='ocrx_word' id='word_1_136' title='bbox 1605 1372 1866 1427; x_wconf 79' lang='lat' dir='ltr'><strong>aspernan-</strong></span> 
     </span>
     <span class='ocr_line' id='line_1_18' title="bbox 187 1431 1865 1496; baseline 0 -16"><span class='ocrx_word' id='word_1_137' title='bbox 187 1431 315 1481; x_wconf 86' lang='lat' dir='ltr'><strong>tibus</strong></span> <span class='ocrx_word' id='word_1_138' title='bbox 337 1432 522 1496; x_wconf 84' lang='lat' dir='ltr'><strong>spargit</strong></span> <span class='ocrx_word' id='word_1_139' title='bbox 550 1431 749 1495; x_wconf 91' lang='lat' dir='ltr'><strong>bellum,</strong></span> <span class='ocrx_word' id='word_1_140' title='bbox 771 1431 851 1479; x_wconf 86' lang='lat' dir='ltr'><strong>ubi</strong></span> <span class='ocrx_word' id='word_1_141' title='bbox 875 1433 1148 1495; x_wconf 77' lang='lat' dir='ltr'><strong>instaretur,</strong></span> <span class='ocrx_word' id='word_1_142' title='bbox 1174 1433 1354 1482; x_wconf 86' lang='lat' dir='ltr'><strong>cedens</strong></span> <span class='ocrx_word' id='word_1_143' title='bbox 1379 1448 1436 1481; x_wconf 93' lang='lat' dir='ltr'><strong>ac</strong></span> <span class='ocrx_word' id='word_1_144' title='bbox 1458 1448 1642 1481; x_wconf 82' lang='lat' dir='ltr'><strong>rursum</strong></span> <span class='ocrx_word' id='word_1_145' title='bbox 1660 1434 1707 1480; x_wconf 91' lang='lat' dir='ltr'><strong>in</strong></span> <span class='ocrx_word' id='word_1_146' title='bbox 1727 1440 1865 1495; x_wconf 85' lang='lat' dir='ltr'><strong>terga</strong></span> 
     </span>
     <span class='ocr_line' id='line_1_19' title="bbox 188 1501 1867 1565; baseline 0.001 -15"><span class='ocrx_word' id='word_1_147' title='bbox 188 1516 430 1550; x_wconf 88' lang='lat' dir='ltr'><strong>remeans.</strong></span> <span class='ocrx_word' id='word_1_148' title='bbox 482 1509 533 1549; x_wconf 92' lang='lat' dir='ltr'><strong>et</strong></span> <span class='ocrx_word' id='word_1_149' title='bbox 565 1502 673 1550; x_wconf 89' lang='lat' dir='ltr'><strong>dum</strong></span> <span class='ocrx_word' id='word_1_150' title='bbox 701 1515 759 1550; x_wconf 92' lang='lat' dir='ltr'><strong>ea</strong></span> <span class='ocrx_word' id='word_1_151' title='bbox 795 1502 917 1549; x_wconf 88' lang='lat' dir='ltr'><strong>ratio</strong></span> <span class='ocrx_word' id='word_1_152' title='bbox 956 1502 1166 1551; x_wconf 87' lang='lat' dir='ltr'><strong>barbaro</strong></span> <span class='ocrx_word' id='word_1_153' title='bbox 1204 1503 1319 1565; x_wconf 86' lang='lat' dir='ltr'><strong>fuit,</strong></span> <span class='ocrx_word' id='word_1_154' title='bbox 1361 1503 1546 1550; x_wconf 91' lang='lat' dir='ltr'><strong>inritum</strong></span> <span class='ocrx_word' id='word_1_155' title='bbox 1585 1501 1867 1565; x_wconf 73' lang='lat' dir='ltr'><strong>fessumque</strong></span> 
     </span>
    </p>

    <p class='ocr_par' dir='ltr' id='par_1_6' title="bbox 133 1570 1864 1914">
     <span class='ocr_line' id='line_1_20' title="bbox 133 1570 1861 1637; baseline -0.001 -17"><span class='ocrx_word' id='word_1_156' title='bbox 133 1589 172 1621; x_wconf 85' lang='lat'><strong>15</strong></span> <span class='ocrx_word' id='word_1_157' title='bbox 187 1570 453 1620; x_wconf 90' lang='lat' dir='ltr'><strong>Romanum</strong></span> <span class='ocrx_word' id='word_1_158' title='bbox 481 1572 672 1635; x_wconf 85' lang='lat' dir='ltr'><strong>impune</strong></span> <span class='ocrx_word' id='word_1_159' title='bbox 702 1570 1063 1621; x_wconf 85' lang='lat' dir='ltr'><strong>ludificabatur:</strong></span> <span class='ocrx_word' id='word_1_160' title='bbox 1102 1581 1356 1637; x_wconf 88' lang='lat' dir='ltr'><strong>postquam</strong></span> <span class='ocrx_word' id='word_1_161' title='bbox 1385 1571 1584 1620; x_wconf 86' lang='lat' dir='ltr'><strong>deflexit</strong></span> <span class='ocrx_word' id='word_1_162' title='bbox 1609 1572 1668 1620; x_wconf 92' lang='lat' dir='ltr'><strong>ad</strong></span> <span class='ocrx_word' id='word_1_163' title='bbox 1687 1571 1861 1618; x_wconf 89' lang='lat' dir='ltr'><strong>mariti·</strong></span> 
     </span>
     <span class='ocr_line' id='line_1_21' title="bbox 186 1639 1864 1705; baseline -0.001 -16"><span class='ocrx_word' id='word_1_164' title='bbox 186 1656 291 1689; x_wconf 90' lang='lat' dir='ltr'><strong>mos</strong></span> <span class='ocrx_word' id='word_1_165' title='bbox 318 1642 476 1702; x_wconf 80' lang='lat' dir='ltr'><strong>locOS,</strong></span> <span class='ocrx_word' id='word_1_166' title='bbox 509 1641 736 1704; x_wconf 90' lang='lat' dir='ltr'><strong>inligatus</strong></span> <span class='ocrx_word' id='word_1_167' title='bbox 760 1641 943 1705; x_wconf 90' lang='lat' dir='ltr'><strong>praeda</strong></span> <span class='ocrx_word' id='word_1_168' title='bbox 970 1642 1156 1690; x_wconf 86' lang='lat' dir='ltr'><strong>stativis</strong></span> <span class='ocrx_word' id='word_1_169' title='bbox 1185 1643 1354 1700; x_wconf 81' lang='lat' dir='ltr'><strong>castris</strong></span> <span class='ocrx_word' id='word_1_170' title='bbox 1375 1639 1687 1702; x_wconf 87' lang='lat' dir='ltr'><strong>adhaerebat,</strong></span> <span class='ocrx_word' id='word_1_171' title='bbox 1715 1641 1864 1687; x_wconf 90' lang='lat' dir='ltr'><strong>missu</strong></span> 
     </span>
     <span class='ocr_line' id='line_1_22' title="bbox 186 1709 1863 1776; baseline -0.002 -17"><span class='ocrx_word' id='word_1_172' title='bbox 186 1712 335 1776; x_wconf 87' lang='lat' dir='ltr'><strong>patris</strong></span> <span class='ocrx_word' id='word_1_173' title='bbox 363 1710 608 1774; x_wconf 89' lang='lat' dir='ltr'><strong>Apronius</strong></span> <span class='ocrx_word' id='word_1_174' title='bbox 638 1709 903 1758; x_wconf 87' lang='lat' dir='ltr'><strong>Caesianus</strong></span> <span class='ocrx_word' id='word_1_175' title='bbox 934 1725 1037 1759; x_wconf 92' lang='lat' dir='ltr'><strong>cum</strong></span> <span class='ocrx_word' id='word_1_176' title='bbox 1069 1714 1231 1774; x_wconf 91' lang='lat' dir='ltr'><strong>equite</strong></span> <span class='ocrx_word' id='word_1_177' title='bbox 1260 1718 1308 1759; x_wconf 94' lang='lat' dir='ltr'><strong>et</strong></span> <span class='ocrx_word' id='word_1_178' title='bbox 1345 1709 1627 1758; x_wconf 86' lang='lat' dir='ltr'><strong>cohortibus</strong></span> <span class='ocrx_word' id='word_1_179' title='bbox 1666 1709 1863 1758; x_wconf 87' lang='lat' dir='ltr'><strong>auxilia-</strong></span> 
     </span>
     <span class='ocr_line' id='line_1_23' title="bbox 185 1779 1862 1844; baseline -0.001 -16"><span class='ocrx_word' id='word_1_180' title='bbox 185 1781 288 1842; x_wconf 82' lang='lat' dir='ltr'><strong>riiS,</strong></span> <span class='ocrx_word' id='word_1_181' title='bbox 319 1780 427 1844; x_wconf 88' lang='lat' dir='ltr'><strong>quis</strong></span> <span class='ocrx_word' id='word_1_182' title='bbox 453 1780 792 1828; x_wconf 87' lang='lat' dir='ltr'><strong>velocissimos</strong></span> <span class='ocrx_word' id='word_1_183' title='bbox 820 1780 1063 1842; x_wconf 88' lang='lat' dir='ltr'><strong>legionum</strong></span> <span class='ocrx_word' id='word_1_184' title='bbox 1089 1781 1355 1842; x_wconf 83' lang='lat' dir='ltr'><strong>addiderat,</strong></span> <span class='ocrx_word' id='word_1_185' title='bbox 1385 1793 1670 1844; x_wconf 88' lang='lat' dir='ltr'><strong>prosperam</strong></span> <span class='ocrx_word' id='word_1_186' title='bbox 1693 1779 1862 1827; x_wconf 89' lang='lat' dir='ltr'><strong>adver·</strong></span> 
     </span>
     <span class='ocr_line' id='line_1_24' title="bbox 186 1849 1498 1914; baseline -0.002 -16"><span class='ocrx_word' id='word_1_187' title='bbox 186 1865 288 1898; x_wconf 91' lang='lat' dir='ltr'><strong>sum</strong></span> <span class='ocrx_word' id='word_1_188' title='bbox 314 1849 546 1899; x_wconf 88' lang='lat' dir='ltr'><strong>Numidas</strong></span> <span class='ocrx_word' id='word_1_189' title='bbox 571 1864 778 1914; x_wconf 85' lang='lat' dir='ltr'><strong>pugnam</strong></span> <span class='ocrx_word' id='word_1_190' title='bbox 807 1849 922 1897; x_wconf 88' lang='lat' dir='ltr'><strong>facit</strong></span> <span class='ocrx_word' id='word_1_191' title='bbox 950 1850 1186 1914; x_wconf 86' lang='lat' dir='ltr'><strong>pellitque</strong></span> <span class='ocrx_word' id='word_1_192' title='bbox 1213 1852 1259 1898; x_wconf 91' lang='lat' dir='ltr'><strong>in</strong></span> <span class='ocrx_word' id='word_1_193' title='bbox 1287 1850 1498 1898; x_wconf 91' lang='lat' dir='ltr'><strong>deserta.</strong></span> 
     </span>
    </p>

    <p class='ocr_par' dir='ltr' id='par_1_7' title="bbox 187 1916 1878 2192">
     <span class='ocr_line' id='line_1_25' title="bbox 291 1916 1859 1984; baseline -0.003 -17"><span class='ocrx_word' id='word_1_194' title='bbox 291 1919 376 1968; x_wconf 84' lang='lat'><strong>22.</strong></span> <span class='ocrx_word' id='word_1_195' title='bbox 416 1918 482 1967; x_wconf 91' lang='lat' dir='ltr'><strong>At</strong></span> <span class='ocrx_word' id='word_1_196' title='bbox 518 1918 703 1968; x_wconf 91' lang='lat' dir='ltr'><strong>Romae</strong></span> <span class='ocrx_word' id='word_1_197' title='bbox 737 1918 946 1983; x_wconf 88' lang='lat' dir='ltr'><strong>Lepida,</strong></span> <span class='ocrx_word' id='word_1_198' title='bbox 986 1921 1060 1967; x_wconf 86' lang='lat' dir='ltr'><strong>cui</strong></span> <span class='ocrx_word' id='word_1_199' title='bbox 1099 1935 1247 1984; x_wconf 92' lang='lat' dir='ltr'><strong>super</strong></span> <span class='ocrx_word' id='word_1_200' title='bbox 1282 1919 1597 1968; x_wconf 88' lang='lat' dir='ltr'><strong>Aemiliorum</strong></span> <span class='ocrx_word' id='word_1_201' title='bbox 1633 1918 1782 1966; x_wconf 89' lang='lat' dir='ltr'><strong>decus</strong></span> <span class='ocrx_word' id='word_1_202' title='bbox 1810 1916 1859 1964; x_wconf 94' lang='lat' dir='ltr'><strong>L.</strong></span> 
     </span>
     <span class='ocr_line' id='line_1_26' title="bbox 189 1987 1878 2053; baseline -0.002 -16"><span class='ocrx_word' id='word_1_203' title='bbox 189 1989 323 2037; x_wconf 89' lang='lat' dir='ltr'><strong>Sulla</strong></span> <span class='ocrx_word' id='word_1_204' title='bbox 363 1996 412 2036; x_wconf 84' lang='lat' dir='ltr'><strong>et</strong></span> <span class='ocrx_word' id='word_1_205' title='bbox 450 1987 536 2037; x_wconf 90' lang='lat' dir='ltr'><strong>Cn.</strong></span> <span class='ocrx_word' id='word_1_206' title='bbox 575 1990 832 2053; x_wconf 89' lang='lat' dir='ltr'><strong>Pompeius</strong></span> <span class='ocrx_word' id='word_1_207' title='bbox 876 1991 1046 2052; x_wconf 88' lang='lat' dir='ltr'><strong>proavi</strong></span> <span class='ocrx_word' id='word_1_208' title='bbox 1089 1998 1259 2052; x_wconf 88' lang='lat' dir='ltr'><strong>erant,</strong></span> <span class='ocrx_word' id='word_1_209' title='bbox 1305 1989 1520 2038; x_wconf 87' lang='lat' dir='ltr'><strong>defertur</strong></span> <span class='ocrx_word' id='word_1_210' title='bbox 1560 1987 1878 2036; x_wconf 88' lang='lat' dir='ltr'><strong>simulavisse·</strong></span> 
     </span>
     <span class='ocr_line' id='line_1_27' title="bbox 187 2055 1862 2123; baseline -0.002 -17"><span class='ocrx_word' id='word_1_211' title='bbox 187 2066 374 2123; x_wconf 87' lang='lat' dir='ltr'><strong>partum</strong></span> <span class='ocrx_word' id='word_1_212' title='bbox 401 2073 462 2106; x_wconf 86' lang='lat' dir='ltr'><strong>ex</strong></span> <span class='ocrx_word' id='word_1_213' title='bbox 488 2058 541 2107; x_wconf 91' lang='lat' dir='ltr'><strong>P.</strong></span> <span class='ocrx_word' id='word_1_214' title='bbox 571 2059 786 2118; x_wconf 83' lang='lat' dir='ltr'><strong>Quirinio</strong></span> <span class='ocrx_word' id='word_1_215' title='bbox 815 2058 958 2107; x_wconf 89' lang='lat' dir='ltr'><strong>divite</strong></span> <span class='ocrx_word' id='word_1_216' title='bbox 985 2066 1129 2123; x_wconf 90' lang='lat' dir='ltr'><strong>atque</strong></span> <span class='ocrx_word' id='word_1_217' title='bbox 1167 2059 1306 2108; x_wconf 77' lang='lat' dir='ltr'><strong>orbo,</strong></span> <span class='ocrx_word' id='word_1_218' title='bbox 1367 2058 1694 2107; x_wconf 85' lang='lat' dir='ltr'><strong>adiciebantur</strong></span> <span class='ocrx_word' id='word_1_219' title='bbox 1730 2055 1862 2103; x_wconf 91' lang='lat' dir='ltr'><strong>adul·</strong></span> 
     </span>
     <span class='ocr_line' id='line_1_28' title="bbox 187 2122 1860 2192; baseline -0.003 -16"><span class='ocrx_word' id='word_1_220' title='bbox 187 2129 334 2192; x_wconf 88' lang='lat' dir='ltr'><strong>teria,</strong></span> <span class='ocrx_word' id='word_1_221' title='bbox 371 2143 559 2176; x_wconf 85' lang='lat' dir='ltr'><strong>venena</strong></span> <span class='ocrx_word' id='word_1_222' title='bbox 595 2130 957 2192; x_wconf 89' lang='lat' dir='ltr'><strong>quaesitumque</strong></span> <span class='ocrx_word' id='word_1_223' title='bbox 992 2143 1083 2192; x_wconf 92' lang='lat' dir='ltr'><strong>per</strong></span> <span class='ocrx_word' id='word_1_224' title='bbox 1106 2124 1393 2177; x_wconf 42' lang='lat' dir='ltr'><strong>‘Chaldaeos</strong></span> <span class='ocrx_word' id='word_1_225' title='bbox 1434 2129 1480 2181; x_wconf 87' lang='lat' dir='ltr'><strong>in</strong></span> <span class='ocrx_word' id='word_1_226' title='bbox 1514 2127 1700 2175; x_wconf 92' lang='lat' dir='ltr'><strong>domum</strong></span> <span class='ocrx_word' id='word_1_227' title='bbox 1739 2122 1860 2172; x_wconf 88' lang='lat' dir='ltr'><strong>Cae·</strong></span> 
     </span>
    </p>

    <p class='ocr_par' dir='ltr' id='par_1_8' title="bbox 143 2196 1876 2538">
     <span class='ocr_line' id='line_1_29' title="bbox 143 2196 1876 2262; baseline -0.003 -16"><span class='ocrx_word' id='word_1_228' title='bbox 143 2214 162 2246; x_wconf 88' lang='lat'>5</span> <span class='ocrx_word' id='word_1_229' title='bbox 187 2199 329 2259; x_wconf 80' lang='lat' dir='ltr'><strong>sariS,</strong></span> <span class='ocrx_word' id='word_1_230' title='bbox 360 2197 653 2246; x_wconf 84' lang='lat' dir='ltr'><strong>defendente</strong></span> <span class='ocrx_word' id='word_1_231' title='bbox 679 2213 809 2246; x_wconf 89' lang='lat' dir='ltr'><strong>ream</strong></span> <span class='ocrx_word' id='word_1_232' title='bbox 835 2197 991 2245; x_wconf 90' lang='lat' dir='ltr'><strong>Manio</strong></span> <span class='ocrx_word' id='word_1_233' title='bbox 1021 2198 1204 2262; x_wconf 91' lang='lat' dir='ltr'><strong>Lepido</strong></span> <span class='ocrx_word' id='word_1_234' title='bbox 1239 2198 1405 2246; x_wconf 89' lang='lat' dir='ltr'><strong>fratre.</strong></span> <span class='ocrx_word' id='word_1_235' title='bbox 1469 2196 1710 2255; x_wconf 84' lang='lat' dir='ltr'><strong>Quirinius</strong></span> <span class='ocrx_word' id='word_1_236' title='bbox 1749 2200 1876 2257; x_wconf 40' lang='lat' dir='ltr'><strong>post»</strong></span> 
     </span>
     <span class='ocr_line' id='line_1_30' title="bbox 186 2263 1871 2330; baseline -0.002 -16"><span class='ocrx_word' id='word_1_237' title='bbox 186 2267 362 2314; x_wconf 88' lang='lat' dir='ltr'><strong>dictum</strong></span> <span class='ocrx_word' id='word_1_238' title='bbox 391 2267 641 2330; x_wconf 89' lang='lat' dir='ltr'><strong>repudium</strong></span> <span class='ocrx_word' id='word_1_239' title='bbox 677 2267 831 2316; x_wconf 87' lang='lat' dir='ltr'><strong>adhuc</strong></span> <span class='ocrx_word' id='word_1_240' title='bbox 871 2267 1087 2316; x_wconf 86' lang='lat' dir='ltr'><strong>infensus</strong></span> <span class='ocrx_word' id='word_1_241' title='bbox 1128 2269 1342 2330; x_wconf 88' lang='lat' dir='ltr'><strong>quamvis</strong></span> <span class='ocrx_word' id='word_1_242' title='bbox 1379 2267 1539 2315; x_wconf 83' lang='lat' dir='ltr'><strong>infami</strong></span> <span class='ocrx_word' id='word_1_243' title='bbox 1578 2279 1635 2313; x_wconf 93' lang='lat' dir='ltr'><strong>ac</strong></span> <span class='ocrx_word' id='word_1_244' title='bbox 1667 2263 1871 2312; x_wconf 44' lang='lat' dir='ltr'><strong>nocenti*</strong></span> 
     </span>
     <span class='ocr_line' id='line_1_31' title="bbox 185 2332 1860 2399; baseline -0.002 -17"><span class='ocrx_word' id='word_1_245' title='bbox 185 2335 542 2383; x_wconf 89' lang='lat' dir='ltr'><strong>miserationem</strong></span> <span class='ocrx_word' id='word_1_246' title='bbox 570 2336 836 2384; x_wconf 89' lang='lat' dir='ltr'><strong>addiderat.</strong></span> <span class='ocrx_word' id='word_1_247' title='bbox 894 2335 1018 2384; x_wconf 92' lang='lat' dir='ltr'><strong>haud</strong></span> <span class='ocrx_word' id='word_1_248' title='bbox 1055 2336 1200 2384; x_wconf 87' lang='lat' dir='ltr'><strong>facile</strong></span> <span class='ocrx_word' id='word_1_249' title='bbox 1247 2337 1352 2399; x_wconf 90' lang='lat' dir='ltr'><strong>quis</strong></span> <span class='ocrx_word' id='word_1_250' title='bbox 1391 2335 1659 2398; x_wconf 87' lang='lat' dir='ltr'><strong>dispexerit</strong></span> <span class='ocrx_word' id='word_1_251' title='bbox 1694 2332 1775 2380; x_wconf 90' lang='lat' dir='ltr'><strong>illa</strong></span> <span class='ocrx_word' id='word_1_252' title='bbox 1814 2333 1860 2379; x_wconf 92' lang='lat' dir='ltr'><strong>in</strong></span> 
     </span>
     <span class='ocr_line' id='line_1_32' title="bbox 188 2403 1859 2469; baseline -0.003 -16"><span class='ocrx_word' id='word_1_253' title='bbox 188 2405 464 2467; x_wconf 85' lang='lat' dir='ltr'><strong>cognitione</strong></span> <span class='ocrx_word' id='word_1_254' title='bbox 493 2412 699 2453; x_wconf 90' lang='lat' dir='ltr'><strong>mentem</strong></span> <span class='ocrx_word' id='word_1_255' title='bbox 727 2405 985 2469; x_wconf 89' lang='lat' dir='ltr'><strong>principis:</strong></span> <span class='ocrx_word' id='word_1_256' title='bbox 1027 2405 1150 2453; x_wconf 91' lang='lat' dir='ltr'><strong>adeo</strong></span> <span class='ocrx_word' id='word_1_257' title='bbox 1190 2406 1335 2453; x_wconf 89' lang='lat' dir='ltr'><strong>vertit</strong></span> <span class='ocrx_word' id='word_1_258' title='bbox 1375 2419 1432 2453; x_wconf 89' lang='lat' dir='ltr'><strong>ac</strong></span> <span class='ocrx_word' id='word_1_259' title='bbox 1467 2403 1657 2451; x_wconf 87' lang='lat' dir='ltr'><strong>miscuit</strong></span> <span class='ocrx_word' id='word_1_260' title='bbox 1682 2403 1783 2450; x_wconf 86' lang='lat' dir='ltr'><strong>irae</strong></span> <span class='ocrx_word' id='word_1_261' title='bbox 1811 2408 1859 2448; x_wconf 91' lang='lat' dir='ltr'><strong>et</strong></span> 
     </span>
     <span class='ocr_line' id='line_1_33' title="bbox 188 2470 1859 2538; baseline -0.003 -16"><span class='ocrx_word' id='word_1_262' title='bbox 188 2475 472 2523; x_wconf 81' lang='lat' dir='ltr'><strong>clem-entiae</strong></span> <span class='ocrx_word' id='word_1_263' title='bbox 507 2477 661 2537; x_wconf 90' lang='lat' dir='ltr'><strong>signa.</strong></span> <span class='ocrx_word' id='word_1_264' title='bbox 735 2475 1025 2537; x_wconf 89' lang='lat' dir='ltr'><strong>deprecatus</strong></span> <span class='ocrx_word' id='word_1_265' title='bbox 1062 2475 1214 2538; x_wconf 90' lang='lat' dir='ltr'><strong>primo</strong></span> <span class='ocrx_word' id='word_1_266' title='bbox 1247 2482 1461 2522; x_wconf 90' lang='lat' dir='ltr'><strong>senatum</strong></span> <span class='ocrx_word' id='word_1_267' title='bbox 1497 2488 1557 2520; x_wconf 91' lang='lat' dir='ltr'><strong>ne</strong></span> <span class='ocrx_word' id='word_1_268' title='bbox 1594 2470 1859 2520; x_wconf 86' lang='lat' dir='ltr'><strong>maiestatis</strong></span> 
     </span>
    </p>

    <p class='ocr_par' dir='ltr' id='par_1_9' title="bbox 129 2539 1865 2954">
     <span class='ocr_line' id='line_1_34' title="bbox 130 2539 1858 2605; baseline -0.003 -13"><span class='ocrx_word' id='word_1_269' title='bbox 130 2559 168 2592; x_wconf 75' lang='grc' dir='ltr'><strong>ιο</strong></span> <span class='ocrx_word' id='word_1_270' title='bbox 189 2545 383 2593; x_wconf 89' lang='lat' dir='ltr'><strong>crimina</strong></span> <span class='ocrx_word' id='word_1_271' title='bbox 408 2551 754 2605; x_wconf 88' lang='lat' dir='ltr'><strong>tractarentur,</strong></span> <span class='ocrx_word' id='word_1_272' title='bbox 787 2557 899 2591; x_wconf 85' lang='lat' dir='ltr'><strong>mox</strong></span> <span class='ocrx_word' id='word_1_273' title='bbox 924 2542 986 2591; x_wconf 91' lang='lat' dir='ltr'><strong>M.</strong></span> <span class='ocrx_word' id='word_1_274' title='bbox 1011 2544 1265 2591; x_wconf 89' lang='lat' dir='ltr'><strong>Servilium</strong></span> <span class='ocrx_word' id='word_1_275' title='bbox 1294 2559 1321 2591; x_wconf 96' lang='lat' dir='ltr'><strong>e</strong></span> <span class='ocrx_word' id='word_1_276' title='bbox 1352 2540 1682 2592; x_wconf 88' lang='lat' dir='ltr'><strong>consularibus</strong></span> <span class='ocrx_word' id='word_1_277' title='bbox 1713 2539 1858 2589; x_wconf 90' lang='lat' dir='ltr'><strong>alios·</strong></span> 
     </span>
     <span class='ocr_line' id='line_1_35' title="bbox 187 2610 1862 2682; baseline -0.003 -21"><span class='ocrx_word' id='word_1_278' title='bbox 187 2629 279 2677; x_wconf 92' lang='lat' dir='ltr'><strong>que</strong></span> <span class='ocrx_word' id='word_1_279' title='bbox 305 2621 459 2662; x_wconf 88' lang='lat' dir='ltr'><strong>testes</strong></span> <span class='ocrx_word' id='word_1_280' title='bbox 486 2614 656 2662; x_wconf 88' lang='lat' dir='ltr'><strong>inlexit</strong></span> <span class='ocrx_word' id='word_1_281' title='bbox 683 2614 740 2662; x_wconf 93' lang='lat' dir='ltr'><strong>ad</strong></span> <span class='ocrx_word' id='word_1_282' title='bbox 766 2613 1059 2682; x_wconf 80' lang='lat' dir='ltr'><strong>proferenda</strong></span> <span class='ocrx_word' id='word_1_283' title='bbox 1093 2628 1215 2677; x_wconf 90' lang='lat' dir='ltr'><strong>quae</strong></span> <span class='ocrx_word' id='word_1_284' title='bbox 1241 2613 1372 2662; x_wconf 87' lang='lat' dir='ltr'><strong>velut</strong></span> <span class='ocrx_word' id='word_1_285' title='bbox 1397 2615 1589 2662; x_wconf 87' lang='lat' dir='ltr'><strong>reicere</strong></span> <span class='ocrx_word' id='word_1_286' title='bbox 1617 2610 1862 2658; x_wconf 85' lang='lat' dir='ltr'><strong>voluerat..</strong></span> 
     </span>
     <span class='ocr_line' id='line_1_36' title="bbox 183 2679 1865 2748; baseline -0.003 -18"><span class='ocrx_word' id='word_1_287' title='bbox 183 2684 407 2747; x_wconf 85' lang='lat' dir='ltr'><strong>idemque</strong></span> <span class='ocrx_word' id='word_1_288' title='bbox 443 2698 615 2732; x_wconf 84' lang='lat' dir='ltr'><strong>servos</strong></span> <span class='ocrx_word' id='word_1_289' title='bbox 641 2683 881 2748; x_wconf 86' lang='lat' dir='ltr'><strong>Lepidae,</strong></span> <span class='ocrx_word' id='word_1_290' title='bbox 926 2698 1029 2731; x_wconf 90' lang='lat' dir='ltr'><strong>cum</strong></span> <span class='ocrx_word' id='word_1_291' title='bbox 1065 2683 1254 2732; x_wconf 90' lang='lat' dir='ltr'><strong>militari</strong></span> <span class='ocrx_word' id='word_1_292' title='bbox 1294 2683 1511 2732; x_wconf 90' lang='lat' dir='ltr'><strong>custodia</strong></span> <span class='ocrx_word' id='word_1_293' title='bbox 1547 2679 1865 2740; x_wconf 78' lang='lat' dir='ltr'><strong>haberentur,</strong></span> 
     </span>
     <span class='ocr_line' id='line_1_37' title="bbox 185 2751 1863 2817; baseline -0.002 -19"><span class='ocrx_word' id='word_1_294' title='bbox 185 2753 424 2801; x_wconf 85' lang='lat' dir='ltr'><strong>transtulit</strong></span> <span class='ocrx_word' id='word_1_295' title='bbox 451 2753 508 2801; x_wconf 87' lang='lat' dir='ltr'><strong>ad</strong></span> <span class='ocrx_word' id='word_1_296' title='bbox 537 2753 765 2801; x_wconf 89' lang='lat' dir='ltr'><strong>consules</strong></span> <span class='ocrx_word' id='word_1_297' title='bbox 791 2767 949 2816; x_wconf 92' lang='lat' dir='ltr'><strong>neque</strong></span> <span class='ocrx_word' id='word_1_298' title='bbox 978 2767 1067 2817; x_wconf 89' lang='lat' dir='ltr'><strong>per</strong></span> <span class='ocrx_word' id='word_1_299' title='bbox 1095 2759 1330 2801; x_wconf 89' lang='lat' dir='ltr'><strong>tormenta</strong></span> <span class='ocrx_word' id='word_1_300' title='bbox 1357 2751 1647 2813; x_wconf 88' lang='lat' dir='ltr'><strong>interrogari</strong></span> <span class='ocrx_word' id='word_1_301' title='bbox 1682 2763 1863 2812; x_wconf 80' lang='lat' dir='ltr'><strong>passus</strong></span> 
     </span>
     <span class='ocr_line' id='line_1_38' title="bbox 187 2819 1861 2886; baseline -0.001 -19"><span class='ocrx_word' id='word_1_302' title='bbox 187 2828 261 2868; x_wconf 88' lang='lat' dir='ltr'><strong>est</strong></span> <span class='ocrx_word' id='word_1_303' title='bbox 296 2820 355 2868; x_wconf 88' lang='lat' dir='ltr'><strong>de</strong></span> <span class='ocrx_word' id='word_1_304' title='bbox 393 2823 450 2869; x_wconf 90' lang='lat' dir='ltr'><strong>iis</strong></span> <span class='ocrx_word' id='word_1_305' title='bbox 486 2837 610 2885; x_wconf 91' lang='lat' dir='ltr'><strong>quae</strong></span> <span class='ocrx_word' id='word_1_306' title='bbox 647 2822 703 2870; x_wconf 92' lang='lat' dir='ltr'><strong>ad</strong></span> <span class='ocrx_word' id='word_1_307' title='bbox 743 2822 931 2870; x_wconf 88' lang='lat' dir='ltr'><strong>domum</strong></span> <span class='ocrx_word' id='word_1_308' title='bbox 972 2836 1102 2869; x_wconf 90' lang='lat' dir='ltr'><strong>suam</strong></span> <span class='ocrx_word' id='word_1_309' title='bbox 1135 2822 1448 2886; x_wconf 90' lang='lat' dir='ltr'><strong>pertinerent.</strong></span> <span class='ocrx_word' id='word_1_310' title='bbox 1511 2821 1687 2868; x_wconf 85' lang='lat' dir='ltr'><strong>exemit</strong></span> <span class='ocrx_word' id='word_1_311' title='bbox 1715 2819 1861 2867; x_wconf 88' lang='lat' dir='ltr'><strong>etiam-</strong></span> 
     </span>
     <span class='ocr_line' id='line_1_39' title="bbox 129 2889 1861 2954; baseline 0.001 -18"><span class='ocrx_word' id='word_1_312' title='bbox 129 2900 167 2933; x_wconf 80' lang='lat'><strong>15</strong></span> <span class='ocrx_word' id='word_1_313' title='bbox 187 2889 391 2937; x_wconf 90' lang='lat' dir='ltr'><strong>Drusum</strong></span> <span class='ocrx_word' id='word_1_314' title='bbox 415 2891 659 2939; x_wconf 90' lang='lat' dir='ltr'><strong>consulem</strong></span> <span class='ocrx_word' id='word_1_315' title='bbox 683 2893 976 2952; x_wconf 88' lang='lat' dir='ltr'><strong>designatum</strong></span> <span class='ocrx_word' id='word_1_316' title='bbox 1001 2891 1234 2940; x_wconf 89' lang='lat' dir='ltr'><strong>dicendae</strong></span> <span class='ocrx_word' id='word_1_317' title='bbox 1253 2891 1405 2954; x_wconf 88' lang='lat' dir='ltr'><strong>primo</strong></span> <span class='ocrx_word' id='word_1_318' title='bbox 1426 2890 1538 2939; x_wconf 91' lang='lat' dir='ltr'><strong>loco</strong></span> <span class='ocrx_word' id='word_1_319' title='bbox 1560 2891 1828 2939; x_wconf 86' lang='lat' dir='ltr'><strong>sententiae</strong></span> <span class='ocrx_word' id='word_1_320' title='bbox 1843 2907 1861 2944; x_wconf 75' lang='lat'><strong>·,</strong></span> 
     </span>
    </p>
   </div>
  </div>
 </body>
</html>
