1976 3224
266 153 363 202 160
713 160 990 200 CORNELII
1016 159 1215 198 TACITI
1242 160 1544 198 ANNALIUM

260 290 429 339 sultum
461 290 806 353 postulaverat.
861 303 953 352 quo
988 302 1076 351 per
1112 288 1460 335 discessionem
1498 288 1628 337 facto
1663 289 1799 355 misit
1820 288 1925 338 lite-

221 375 337 408 5ras
387 358 592 421 Caesar,
652 357 838 406 modice
890 357 1122 406 tribunum
1171 358 1428 421 increpans
1478 358 1694 419 ignarum
1746 359 1926 422 antiqui

259 429 405 477 moris
435 427 496 476 ob
528 429 777 476 iuventam.
833 426 971 476 Gallo
999 425 1343 491 exprobrabat,
1373 426 1499 490 quod
1519 427 1750 475 scientiae
1776 427 1925 476 caeri-

259 499 614 560 moniarumque
641 505 779 545 vetus
810 497 994 544 incerto
1021 503 1237 556 auctore,
1266 503 1375 544 ante
1401 497 1683 554 sententiam
1709 496 1925 559 collegii,

260 582 374 630 non,
403 575 450 614 ut
476 566 689 630 adsolet,
729 566 859 614 lecto
898 580 987 629 per
1019 566 1277 628 magistros
1314 565 1662 629 aestimatoque
1698 567 1925 626 carmine,

261 637 385 702 apud
425 636 777 699 infrequentem
814 642 1029 683 senatum
1072 635 1270 697 egisset.
1341 634 1477 682 simul
1535 634 1925 695 commonefecit,

204 721 245 754 10
263 707 370 771 quia
409 705 552 754 multa
587 720 706 754 vana
745 704 831 753 sub
871 705 1059 752 nomine
1100 703 1284 752 celebri
1321 703 1663 766 vulgabantur,
1709 704 1926 753 sanxisse

261 777 547 839 Augustum,
576 789 716 839 quem
742 775 863 822 intra
891 773 1015 821 diem
1041 772 1100 821 ad
1128 780 1403 837 praetorem
1428 772 1654 822 urbanum
1683 772 1927 822 deferren-

263 855 336 895 tur
362 860 519 909 neque
546 843 729 893 habere
754 844 976 908 privatim
1002 842 1189 891 liceret.
1246 841 1372 907 quod
1398 858 1424 891 a
1449 841 1707 891 maioribus
1734 856 1927 906 quoque

263 897 507 964 decretum
535 921 638 962 erat
664 920 777 978 post
801 919 1018 960 exustum
1045 912 1215 960 sociali
1244 912 1376 960 bello
1409 910 1714 976 Capitolium,
1742 912 1927 976 quaesi-

262 987 322 1033 tis
350 985 519 1046 Sam0,
560 982 678 1046 Ilio,
713 981 959 1043 ErythriS,
995 997 1085 1046 per
1120 981 1335 1030 Africam
1370 982 1508 1030 etiam
1551 997 1608 1030 ac
1647 981 1857 1030 Siciliam
1883 987 1931 1028 et

206 1066 246 1098 15
262 1053 455 1103 Italicas
484 1052 718 1114 coloniaS‚
748 1050 1034 1099 carminibus
1061 1050 1301 1112 Sibullae,
1335 1065 1427 1099 una
1453 1066 1540 1099 seu
1571 1050 1737 1114 plures
1775 1050 1928 1111 fuere,

263 1123 469 1187 datoque
497 1120 831 1170 sacerdotibus
856 1121 1083 1184 negotio,
1123 1127 1345 1184 quantum
1381 1119 1580 1169 humana
1618 1134 1715 1185 ope
1751 1119 1928 1184 potuis·

264 1200 388 1254 sent,
416 1207 532 1240 vera
562 1191 854 1239 discernere.
910 1191 1054 1253 igitur
1081 1197 1191 1238 tunc
1219 1203 1413 1254 quoque
1438 1189 1621 1238 notioni
1643 1188 1928 1262 quindecim-

263 1263 412 1310 virum
439 1262 479 1309 is
504 1260 626 1309 liber
650 1259 894 1308 subicitur.

205 1334 251 1378 13
376 1332 457 1380 19.
491 1329 651 1379 Isdem
684 1329 962 1378 consulibus
993 1330 1229 1392 gravitate
1257 1342 1474 1377 annonae
1499 1329 1627 1377 iuxta
1649 1327 1931 1376 seditionem

264 1408 480 1463 ventum,
519 1399 761 1464 multaque
801 1406 848 1447 et
887 1399 1051 1463 plures
1092 1414 1181 1463 per
1232 1397 1334 1445 dies
1382 1398 1429 1445 in
1478 1396 1666 1446 theatro
1712 1396 1932 1446 licentius

266 1470 531 1533 efflagitata
574 1484 714 1533 quam
755 1468 945 1517 solitum
982 1468 1234 1517 adversum
1267 1469 1620 1531 imperatorem.
1674 1467 1778 1531 quis
1805 1480 1911 1515 com

264 1548 420 1589 motus
461 1539 698 1587 incusavit
733 1539 1038 1600 magistratus
1086 1544 1374 1602 patresque,
1416 1536 1547 1601 quod
1597 1550 1691 1584 non
1741 1535 1929 1600 publica

227 1634 245 1654 -J
268 1610 549 1659 auctoritate
578 1607 807 1673 populum
838 1608 1194 1670 coercuissent,
1222 1605 1493 1668 addiditque
1521 1604 1689 1669 quibus
1722 1620 1784 1653 ex
1821 1618 1926 1668 pro:

263 1680 434 1726 vinciis
463 1686 510 1725 et
537 1685 711 1740 quanto
755 1678 982 1726 maiorem
1025 1691 1162 1740 quam
1199 1674 1445 1738 Augustus
1489 1675 1560 1722 rei
1595 1673 1931 1723 frumentariae

267 1748 455 1811 copiam
488 1746 782 1795 advectaret.
833 1747 895 1794 ita
924 1744 1233 1808 castigandae
1274 1743 1405 1808 plebi
1444 1743 1760 1807 compositum
1794 1758 1930 1791 sena-

264 1825 339 1866 tus
389 1815 653 1864 consultum
699 1816 862 1880 prisca
907 1816 1192 1875 severitate,
1248 1828 1405 1878 neque
1465 1813 1664 1876 segnius
1709 1811 1932 1861 consules

269 1886 483 1935 edixere.
550 1884 788 1933 silentium
824 1885 975 1948 ipsius
1009 1899 1105 1933 non
1142 1883 1314 1944 civile,
1353 1890 1401 1930 ut
1441 1881 1739 1944 crediderat,
1773 1879 1898 1930 sed
1885 1896 1930 1928 ln

214 1974 253 2004 10
274 1954 546 2019 superbiam
571 1953 914 2018 accipiebatur.

210 2025 258 2070 14
378 2024 460 2073 20.
500 2024 621 2072 Fine
669 2026 777 2072 anni
827 2022 1095 2086 GeminiuS,
1153 2019 1351 2084 CelsuS,
1407 2021 1689 2086 Pompeius,
1746 2020 1933 2083 equites

266 2094 492 2155 Romani,
535 2093 760 2142 cecidere
795 2093 1134 2142 coniurationis
1170 2091 1390 2147 crimine;
1440 2106 1502 2139 ex
1549 2091 1654 2154 quis
1694 2087 1933 2138 Geminius

271 2162 571 2227 prodigentia
603 2177 747 2228 opum
788 2178 843 2211 ac
879 2162 1077 2211 mollitia
1110 2162 1236 2208 vitae
1275 2161 1453 2208 amicus
1480 2159 1680 2222 Seiano,
1717 2157 1829 2206 nihil
1875 2157 1933 2205 ad

270 2234 460 2280 serium.
515 2240 561 2280 et
585 2232 731 2280 Iulius
759 2231 930 2281 Celsus
958 2231 1171 2279 tribunus
1201 2230 1247 2276 in
1273 2229 1443 2278 vinclis
1477 2228 1681 2277 laxatam
1719 2234 1931 2275 catenam

230 2320 251 2352 5
275 2308 321 2348 et
351 2301 685 2349 circumdatam
710 2302 756 2348 in
781 2301 1021 2349 diversum
1048 2298 1247 2347 tendens
1275 2313 1404 2346 suam
1429 2298 1534 2361 ipse
1565 2299 1804 2346 cervicem
1824 2311 1931 2360 per-

268 2371 430 2432 fregit.
485 2377 530 2417 at
554 2369 735 2419 Rubrio
762 2369 973 2432 Fabato,
1010 2377 1245 2431 tamquam
1280 2367 1548 2431 desperatis
1582 2366 1727 2414 rebus
1759 2365 1936 2427 Roma-g

270 2440 342 2487 nis
377 2438 657 2487 Parthorum
699 2439 757 2487 ad
801 2437 1178 2487 misericordiam
1231 2436 1446 2499 fugeret,
1502 2435 1725 2484 custodes
1773 2434 1931 2482 additi.

272 2524 386 2557 sane
414 2508 453 2555 is
478 2516 702 2572 repertus
727 2508 853 2572 apud
889 2507 1060 2555 fretum
1087 2505 1281 2554 Siciliae
1318 2512 1651 2568 retractusque
1694 2518 1782 2568 per
1822 2519 1930 2552 cen-

271 2578 505 2626 turionem
537 2577 691 2626 nullas
727 2577 1002 2642 probabiles
1041 2590 1209 2625 causas
1250 2569 1540 2639 longinquae
1583 2573 1930 2638 peregrinatio-

216 2665 256 2696 10
274 2649 345 2694 nis
376 2647 648 2697 adferebat:
678 2649 845 2696 mansit
871 2655 1026 2695 tamen
1052 2644 1320 2707 incolumis,
1349 2643 1594 2692 oblivione
1621 2643 1773 2705 magis
1795 2656 1931 2706 quam

275 2716 538 2764 clementia.

213 2789 257 2833 15
378 2785 458 2833 21.
506 2786 611 2834 Ser.
652 2786 803 2835 Galba
838 2785 887 2834 L.
927 2784 1058 2844 Sulla
1100 2782 1375 2831 consulibus
1417 2781 1495 2829 diu
1535 2782 1752 2843 quaesito
1810 2793 1930 2843 quos

272 2853 492 2917 neptibus
528 2858 623 2903 suis
661 2857 856 2904 maritos
893 2854 1154 2901 destinaret
1192 2850 1398 2913 Caesar⁷
1438 2855 1687 2913 postquam
1728 2847 1931 2896 instabat
