1976 3224
583 139 758 176 LmER
788 139 881 175 XV.
923 138 1046 175 CAP.
1077 137 1274 185 lsi—20.
1672 128 1767 177 291

98 269 415 332 bello‘neque
447 275 543 316 tum
572 267 764 328 omissa,
793 266 900 315 dum
929 266 1145 330 aspectui
1174 265 1437 314 consulitur
1464 273 1629 329 spreta
1660 280 1771 314 con-

98 339 316 388 scientia.
373 339 487 401 quin
512 343 560 385 et
586 335 935 384 dissimulandis
965 350 1120 382 rerum
1148 342 1453 384 externarum
1486 337 1612 383 curis
1635 334 1770 383 Nero

46 422 50 431 ¹
96 410 381 458 frumentum
420 406 581 472 plebis
611 412 848 453 vetustate
877 411 1154 468 corruptum
1192 406 1239 452 in
1265 404 1476 453 Tiberim
1501 406 1639 468 iecit,
1675 418 1769 469 quo
1790 436 1810 468 5

97 478 406 527 securitatem
446 490 667 524 annonae
706 481 1013 523 sustentaret.
1067 476 1201 522 cuius
1228 475 1385 538 pretio
1421 474 1535 521 nihil
1563 473 1772 522 additum

97 554 200 611 est,
239 547 456 610 quamvis
495 545 728 593 ducentas
764 544 916 592 ferme
952 558 1101 592 naves
1142 551 1281 608 portu
1317 545 1365 591 in
1399 543 1506 607 ipso
1543 544 1771 592 violentia

94 612 397 681 tempestatis
424 623 473 664 et
508 621 698 663 centum
735 614 855 662 alias
895 612 1058 661 Tiberi
1099 613 1358 662 subvectas
1388 612 1610 661 fortuitus
1645 615 1770 676 ignis

96 686 463 750 absumpsisset.
514 685 602 732 tris
638 684 748 732 dein
782 683 1089 746 consulareS,
1130 683 1182 742 L.
1210 682 1461 744 Pisonem,
1504 682 1770 731 Ducenium

95 755 367 817 Geminum,
414 753 983 819 PompeiumiPaulinum
1025 752 1347 816 vectigalibus
1384 751 1593 817 publicis
1630 767 1827 816 prae-10

92 827 284 892 posuit,
325 840 431 874 cum
466 825 785 872 insectatione
820 823 1033 887 priorum
1071 824 1365 886 principum,
1413 822 1491 885 qui
1529 823 1769 885 gravitate

93 902 362 960 sumptuum
401 895 557 942 iustos
585 893 766 941 reditus
795 893 1081 941 anteissent:
1125 907 1178 940 se
1217 906 1418 939 annuum
1459 892 1768 940 sexcentiens

93 967 368 1014 sestertium
394 965 464 1011 rei
491 961 716 1028 publicae
744 962 925 1025 largiri.

198 1033 279 1084 19.
316 1032 700 1082 Percrebruerat
735 1047 792 1081 ea
828 1038 1116 1096 tempestate
1151 1030 1464 1095 pravissimus
1487 1046 1618 1092 moS,
1662 1045 1767 1078 cum

93 1104 380 1169 propinquis
405 1103 610 1151 comitiis
634 1109 710 1150 aut
732 1109 865 1150 sorte
886 1102 1243 1166 provinciarum
1267 1100 1490 1165 plerique
1511 1100 1617 1148 orbi
1644 1101 1766 1148 lictis

94 1171 434 1238 adoptionibus
470 1171 802 1222 adsciscerent
833 1171 987 1233 filios,
1027 1177 1373 1235 praeturasque
1404 1177 1452 1218 et
1491 1170 1766 1235 provincias

92 1245 216 1292 inter
242 1249 407 1307 patres
435 1242 592 1291 sortiti
618 1243 774 1290 statim
802 1243 1072 1290 emitterent
1091 1255 1228 1288 manu
1249 1254 1372 1303 quos
1399 1239 1763 1304 adoptaverant.

92 1327 264 1376 magna
295 1326 402 1360 cum
429 1311 606 1360 invidia
634 1318 846 1359 senatum
871 1310 1062 1371 adeunt,
1090 1311 1162 1357 ius
1189 1315 1402 1371 naturae,
1434 1308 1631 1357 labores
1653 1307 1763 1356 edu·
1788 1336 1808 1367 5

95 1382 234 1432 candi
278 1381 513 1431 adversus
561 1379 776 1430 fraudem
823 1388 870 1428 et
913 1387 1042 1428 artes
1087 1386 1134 1427 et
1175 1378 1461 1427 brevitatem
1494 1377 1765 1441 adoptionis

94 1458 392 1502 enumerant.
446 1453 561 1500 satis
591 1451 735 1516 pretii
761 1465 871 1498 esse
895 1449 1028 1499 orbis
1052 1448 1180 1512 quod
1199 1447 1343 1496 multa
1365 1447 1637 1508 securitate,
1664 1445 1765 1493 nul-

93 1523 152 1571 lis
190 1521 419 1571 oneribus
447 1522 650 1585 gratiam
674 1520 888 1569 honores
918 1526 1090 1568 cuncta
1115 1524 1339 1582 prompta
1378 1525 1427 1565 et
1451 1515 1594 1564 obvia
1619 1514 1764 1563 habe-

92 1599 215 1643 rent.
263 1591 352 1640 sibi
388 1592 628 1656 promissa
665 1590 829 1653 legum
860 1589 937 1638 diu
967 1594 1251 1654 exspectata
1283 1588 1330 1634 in
1350 1585 1604 1635 ludibrium
1622 1584 1764 1646 verti,

98 1661 283 1729 quando
313 1662 418 1727 quis
447 1662 550 1710 sine
579 1659 903 1710 sollicitudine
932 1674 1129 1724 parenS,
1156 1660 1259 1706 sine
1285 1656 1418 1705 luctu
1447 1654 1594 1705 orbus
1618 1653 1765 1717 longa
1783 1680 1823 1713 10

96 1740 282 1797 patrum
309 1738 423 1780 vota
450 1738 653 1795 repente
683 1729 991 1794 adaequaret.
1042 1728 1218 1777 factum
1250 1742 1312 1775 ex
1339 1740 1399 1774 eo
1428 1731 1624 1773 senatus
1653 1738 1764 1772 con-

96 1802 301 1863 sultum,
327 1816 389 1849 ne
416 1801 632 1849 simulata
660 1800 858 1865 adoptio
885 1800 932 1847 in
957 1798 1052 1846 ulla
1083 1804 1219 1862 parte
1248 1796 1458 1844 muneris
1487 1792 1670 1858 publici
1699 1793 1765 1839 iu-

94 1878 231 1920 varet
261 1885 318 1919 ac
345 1885 405 1917 ne
436 1869 721 1934 usurpandis
748 1868 938 1932 quidem
963 1866 1312 1916 hereditatibus
1337 1864 1613 1930 prodesset.

202 1941 286 1989 20.
322 1938 463 1987 Exim
489 1938 714 1988 Claudius
740 1937 1017 1986 Timarchus
1049 1935 1296 1985 Cretensis
1320 1950 1433 1983 reus
1463 1933 1634 1995 agitur,
1688 1947 1764 1979 ce-

95 2011 213 2060 teris
243 2009 544 2071 criminibus,
583 2015 631 2057 ut
657 2008 816 2057 solent
841 2005 1108 2072 praevalidi
1133 2003 1492 2069 provincialium
1522 2009 1568 2049 et
1594 1999 1765 2065 opibus

96 2081 251 2128 nimiis
277 2079 336 2128 ad
362 2079 556 2127 iniurias
585 2079 817 2126 minorum
847 2077 984 2125 elati:
1013 2090 1102 2124 una
1131 2089 1230 2127 vox
1257 2073 1358 2121 eius
1384 2086 1536 2135 usque
1565 2069 1622 2119 ad
1652 2083 1764 2118 con-

95 2149 336 2198 tumeliam
375 2155 571 2210 senatus
610 2143 978 2213 penetraverat,
1017 2144 1144 2209 quod
1182 2142 1447 2191 dictitasset
1484 2141 1530 2187 in
1565 2153 1650 2187 sua
1678 2153 1764 2202 po-

96 2225 274 2268 testate
304 2219 461 2280 situm,
486 2233 546 2266 an
573 2231 662 2282 pro
691 2215 969 2265 consulibus
997 2215 1076 2278 qui
1097 2213 1289 2262 Cretam
1316 2211 1634 2260 obtinuissent
1654 2222 1761 2270 gra·
1785 2239 1805 2270 5
1844 2244 1847 2247 .

97 2297 172 2336 tes
199 2295 473 2351 agerentur.
525 2301 668 2350 quam
699 2287 1007 2334 occasionem
1037 2284 1210 2332 Paetus
1241 2281 1456 2330 Thrasea
1493 2278 1550 2326 ad
1589 2277 1763 2324 bonum

98 2357 344 2422 publicum
372 2363 586 2417 vertenS,
615 2362 867 2420 postquam
888 2354 948 2402 de
968 2369 1053 2402 reo
1075 2358 1327 2402 censuerat
1348 2349 1599 2414 provincia
1622 2344 1766 2394 Creta

102 2425 466 2491 depellendum,
501 2425 624 2474 haec
664 2424 865 2474 addidit:
903 2427 1018 2471 ‘usu
1045 2421 1296 2487 probatum
1322 2426 1418 2481 est,
1454 2424 1619 2481 patres
1655 2429 1764 2462 con-

104 2496 298 2560 scripti,
331 2495 472 2558 leges
501 2494 731 2558 egregias
749 2532 762 2557 ,
789 2493 1011 2558 exempla
1036 2491 1237 2541 honesta
1264 2488 1390 2554 apud
1415 2487 1572 2534 bonos
1600 2498 1661 2531 ex
1686 2483 1764 2531 de-

101 2566 228 2615 lictis
256 2566 455 2614 aliorum
494 2565 646 2627 gigni.
701 2566 770 2612 sic
807 2562 1049 2612 oratorum
1085 2560 1277 2609 licentia
1307 2557 1519 2607 Cinciam
1553 2554 1824 2614 rogatio-,10

100 2651 235 2699 nem,
279 2634 636 2684 candidatorum
670 2633 871 2682 ambitus
895 2631 1038 2679 Iulias
1065 2631 1232 2691 legeS,
1273 2629 1632 2690 magistratuum
1657 2637 1766 2670 ava-

101 2706 210 2754 ritia
237 2703 495 2769 Calpurnia
527 2706 647 2753 scita
672 2707 994 2767 pepererunt:
1024 2714 1130 2747 nam
1153 2698 1293 2761 culpa
1318 2711 1454 2761 quam
1479 2706 1632 2759 poena
1653 2698 1766 2739 tem-

103 2789 224 2839 pore
253 2776 410 2839 prior,
449 2773 690 2822 emendari
727 2786 866 2835 quam
893 2783 1101 2835 peccare
1129 2768 1369 2831 posterius
1398 2773 1483 2813 est.
1538 2777 1657 2824 ergo
1689 2760 1766 2811 ad-

103 2859 276 2892 versus
305 2858 478 2892 novam
505 2841 870 2908 provincialium
896 2837 1166 2902 superbiam
1195 2834 1508 2952 dignum12df
1546 2839 1766 2881 constan-
