1976 3224
567 205 742 242 LIBER
766 204 840 241 lv.
886 203 994 242 GAP
1039 201 1237 246 28—32.
1635 193 1734 243 127

73 335 236 398 derat,
283 340 435 381 actum
482 332 540 380 de
584 333 807 394 praemiis
855 339 1187 380 accusatorum
1227 330 1507 412 abolendis,
1551 333 1589 379 si
1631 333 1736 395 quis

72 371 328 452 maiestatis
367 402 632 465 postulatus
668 408 774 449 ante
822 401 1090 466 perfectum
1131 399 1351 448 iudicium
1395 415 1449 448 se
1493 401 1601 465 ipse
1638 402 1736 450 vita

74 474 379 537 privavisset.
435 470 682 534 ibaturque
725 472 771 517 in
814 483 917 518 eam
964 472 1272 532 sententiam,
1326 470 1374 517 ni
1417 469 1578 518 durius
1621 485 1735 519 con·

73 550 239 605 traque
280 555 463 588 morem
514 555 647 588 suum
693 540 849 603 palam
889 555 979 604 pro
1030 536 1392 588 accusatoribus
1438 539 1620 589 Caesar
1668 541 1825 605 iii-10,

73 613 185 660 ritas
235 610 402 673 leges,
450 624 551 657 rem
587 608 824 672 publicam
861 610 907 658 in
945 610 1198 674 praecipiti
1245 617 1538 673 conquestus
1578 615 1734 658 esset:

73 679 407 728 subvenerant
443 680 603 742 potius
638 679 737 727 iura
778 694 916 742 quam
955 678 1182 728 custodes
1228 693 1392 726 eorum
1439 685 1736 727 amoverent.

73 752 142 798 sic
177 748 444 829 delatores,
477 763 632 811 genus
674 747 913 796 hominum
957 741 1152 813 publico
1199 749 1344 795 exitio
1397 756 1643 828 repertum
1691 755 1739 796 et

68 833 132 868 ne
170 819 340 883 poenis
379 816 568 882 quidem
598 832 814 881 umquam
841 818 956 867 satis
983 819 1257 866 coercitum
1258 832 1387 881 ,per
1414 819 1626 881 praemia
1653 817 1737 865 eli-

72 887 335 937 ciebantur.
434 899 439 906 ·
1751 904 1791 938 15

141 957 222 1007 31.
258 955 344 1005 His
382 963 477 1005 tam
513 955 721 1005 adsiduis
761 951 950 1020 tamque
987 957 1183 1005 maestis
1219 955 1406 1004 modica
1443 956 1624 1006 laetitia
1667 957 1735 1004 in-

66 1027 308 1088 tericitur,
338 1025 466 1090 quod
493 1024 547 1074 G.
575 1024 840 1074 Cominium
866 1027 1071 1090 equitem
1094 1025 1386 1088 Romanum,
1425 1025 1653 1089 probrosi
1692 1027 1739 1073 in

69 1111 123 1146 se
150 1096 371 1145 carminis
399 1096 692 1157 convictum,
732 1094 913 1144 Caesar
950 1094 1178 1160 precibus
1214 1095 1401 1158 fratriS,
1440 1097 1518 1160 qui
1544 1102 1739 1144 senator

70 1173 191 1229 erat,
222 1166 480 1214 concessit.
535 1179 628 1228 quo
654 1167 809 1227 magis
834 1166 1001 1213 mirum
1034 1163 1298 1213 habebatur
1336 1179 1536 1227 gnarum
1571 1165 1737 1214 melio·

68 1251 193 1298 rum,
239 1243 287 1283 et
325 1249 447 1298 quae
483 1234 609 1283 fama
652 1234 951 1283 clementiam
985 1241 1295 1299 sequeretur,
1338 1234 1551 1285 tristiora
1576 1234 1776 1284 malles

69 1319 226 1369 neque
266 1305 390 1352 enim
427 1303 649 1352 socordia
689 1303 949 1368 peccabat;
983 1319 1076 1353 nec
1115 1303 1356 1352 occultum
1397 1313 1496 1367 est,
1547 1303 1737 1370 quando

47 1390 132 1430 ,ex
177 1374 405 1436 veritate,
443 1372 631 1436 quando
679 1373 952 1423 adumbrata
1000 1373 1179 1422 laetitia
1227 1372 1354 1421 faeta
1399 1375 1739 1438 imperatorum

72 1442 392 1492 celebrentur.
452 1443 562 1507 quin
591 1443 716 1507 ipse,
745 1445 1028 1507 conpositus
1059 1442 1176 1492 alias
1205 1449 1253 1490 et
1277 1442 1412 1490 velut
1434 1443 1740 1492 eluctantium

71 1511 345 1575 verborum,
376 1511 577 1560 solutius
608 1513 969 1576 promptiusque
1000 1511 1342 1577 eloquebatur,
1375 1514 1595 1576 quotiens
1625 1512 1736 1560 sub-

67 1584 270 1630 veniret.
330 1588 376 1630 at
402 1581 452 1630 P.
479 1581 694 1629 Suillium
725 1590 1032 1646 quaestorem
1055 1581 1292 1646 quondam
1314 1580 1600 1645 Germanici,
1631 1597 1735 1630 cum
1757 1583 1795 1616 ¹⁶

67 1651 203 1701 Italia
233 1658 476 1700 arceretur
519 1653 768 1699 convictus
805 1652 1056 1715 pecuniam
1092 1650 1153 1700 ob
1189 1666 1291 1699 rem
1329 1651 1626 1700 iudicandam
1659 1667 1737 1699 ce-

69 1722 231 1784 pisse,
277 1720 588 1769 amovendum
636 1717 683 1768 in
725 1721 925 1768 insulam
972 1722 1182 1783 censuit,
1245 1728 1374 1770 tanta
1430 1723 1738 1770 contentione

70 1791 228 1851 animi,
254 1796 303 1837 ut
327 1790 428 1838 iure
459 1789 658 1838 iurando
686 1790 1016 1853 obstringeret
1035 1805 1060 1837 e
1082 1806 1136 1837 re
1159 1790 1353 1853 publica
1374 1792 1418 1839 id
1439 1806 1566 1839 esse.
1611 1789 1739 1855 quod

70 1874 245 1922 aspere
270 1866 520 1922 acceptum
545 1858 604 1907 ad
631 1874 864 1922 praesens
892 1875 1006 1908 mox
1031 1861 1078 1906 in
1111 1859 1303 1907 laudem
1328 1863 1470 1908 vertit
1506 1874 1737 1923 regresso

71 1927 263 1983 Suillio;
294 1942 433 1991 quem
463 1927 577 1975 vidit
605 1943 813 1990 sequens
841 1936 972 1977 aetas
1001 1936 1396 1993 praepotentem,
1435 1929 1654 1978 venalem
1692 1936 1739 1977 et
1757 1941 1796 1973 15

72 1996 254 2046 Claudii
299 1997 532 2061 principis
603 1997 808 2045 amicitia
869 1997 946 2045 diu
1000 2010 1262 2061 prospere,
1318 2014 1569 2062 numquam
1612 1999 1739 2046 bene

68 2082 217 2115 usum.
271 2065 439 2114 eadem
465 2080 623 2130 poena
648 2066 694 2113 in
721 2064 887 2115 Catum
924 2066 1150 2115 Firmium
1188 2075 1462 2116 senatorem
1500 2069 1737 2130 statuitur,

67 2145 306 2199 tamquam
350 2135 486 2184 falsis
538 2137 798 2183 maiestatis
854 2135 1130 2184 criminibus
1192 2150 1410 2186 sororem
1465 2138 1737 2201 petivisset.

71 2205 238 2267 CatuS,
280 2212 330 2253 ut
355 2205 547 2267 rettuli,
581 2204 810 2253 Libonem
834 2205 1071 2254 inlexerat
1098 2205 1309 2270 insidiis,
1351 2206 1521 2255 deinde
1562 2206 1736 2255 indicio

23 2338 25 2341 Ι
70 2275 359 2340 perculerat.
413 2275 515 2323 eius
542 2289 722 2339 operae
747 2289 930 2323 memor
972 2274 1219 2338 TiberiuS,
1258 2275 1344 2325 sed
1383 2276 1476 2325 alia
1515 2283 1796 2341 praeten-zo

48 2345 214 2411 ,dens,
254 2343 446 2392 exilium
483 2343 772 2408 deprecatus
810 2352 908 2393 est:
954 2359 1048 2409 quo
1080 2345 1232 2393 minus
1270 2353 1437 2395 senatu
1474 2346 1739 2409 pelleretur

72 2429 167 2464 non
195 2413 394 2462 obstitit.

168 2483 250 2533 32.
286 2483 524 2547 Pleraque
546 2498 734 2546 eorum,
763 2499 885 2547 quae
906 2484 1066 2533 rettuli
1087 2500 1307 2549 quaeque
1327 2485 1561 2546 referam,
1589 2497 1737 2546 parva

70 2553 270 2603 forsitan
299 2560 346 2602 et
374 2552 501 2601 levia
528 2561 789 2602 memoratu
814 2553 964 2602 videri
989 2568 1085 2602 non
1114 2556 1307 2602 nescius
1333 2569 1460 2602 sum:
1487 2553 1573 2601 sed
1595 2565 1735 2599 nemo

71 2623 265 2672 annales
288 2629 482 2672 nostros
512 2637 616 2671 cum
646 2623 881 2685 scriptura
909 2637 1074 2671 eorum
1102 2623 1413 2682 contenderit,
1442 2623 1520 2685 qui
1544 2628 1736 2670 veteres

71 2693 238 2756 populi
266 2693 467 2742 Romani
496 2707 576 2740 res
605 2705 928 2756 conposuere.
979 2692 1190 2754 ingentia
1218 2692 1287 2739 illi
1314 2691 1459 2752 bella,
1490 2704 1733 2754 expugna-

70 2761 228 2810 tiones
253 2762 454 2823 urbium,
482 2762 618 2810 fusos
646 2768 911 2824 captosque
934 2775 1108 2823 regeS,
1150 2768 1229 2809 aut
1264 2761 1304 2808 si
1344 2759 1531 2824 quando
1572 2759 1630 2807 ad
1666 2761 1730 2807 in·
1753 2774 1773 2804 5

74 2834 206 2879 terna
232 2838 615 2895 praeverterent,
647 2829 912 2879 discordias
940 2830 1186 2878 consulum
1211 2830 1465 2879 adversum
1499 2828 1734 2890 tribunOS,

73 2900 289 2961 agrarias
315 2902 741 2963 frumentariasque
782 2900 946 2962 legeS,
981 2898 1139 2964 plebis
1175 2907 1222 2947 et
1256 2899 1546 2965 optimatium
1582 2905 1734 2946 certa-
