1976 3224
157 164 259 214 310
594 171 868 231 CORNELH
889 169 1084 208 TACITI
1105 170 1411 208 ANNALmM

157 304 394 352 Senecam
429 315 568 348 unum
607 314 668 347 cx
711 298 1097 360 centurionibuS,
1138 300 1216 362 qui
1247 300 1589 347 necessitatem
1626 299 1831 349 ultimam

96 390 141 423 20
160 372 477 421 denuntiaret.

262 440 345 490 62.
380 439 471 488 Ille
498 439 741 487 interritus
765 439 924 502 poscit
943 440 1216 487 testamenti
1236 438 1448 494 tabulas;
1477 453 1536 488 ac
1556 438 1830 503 denegante

158 511 438 560 centurione
479 523 747 557 conversus
784 507 842 555 ad
869 509 1082 570 amicOS,
1124 508 1313 572 quando
1351 510 1533 557 meritis
1560 522 1727 558 eorum
1757 525 1832 558 re-

155 582 287 630 ferre
312 581 514 643 gratiam
540 578 894 643 prohiberetur,
927 577 1055 640 quod
1079 593 1220 626 unum
1246 579 1338 627 iam
1361 586 1408 626 ct
1429 585 1587 627 tamen
1608 578 1831 643 pulcher·

156 654 324 700 rimum
351 649 544 711 habeat,
572 650 828 711 imaginem
855 647 982 695 vitae
1009 662 1125 696 suae
1146 647 1425 712 relinquere
1446 655 1665 711 testatur,
1699 650 1832 697 cuius

118 739 138 771 5
161 723 200 770 si
226 733 467 768 memores
495 726 683 782 essent,
723 718 953 766 bonarum
986 719 1153 765 artium
1181 718 1353 766 famam
1379 718 1583 766 fructum
1612 726 1832 767 constan-

156 793 217 840 tis
257 790 491 838 amicitiae
515 788 731 838 ‚laturos
781 787 918 835 simul
960 786 1182 836 lacrimas
1224 801 1390 836 eorum
1421 787 1563 836 modo
1592 803 1832 851 sermone,

157 860 301 909 modo
342 860 569 907 intentior
604 859 651 906 in
681 856 871 907 modum
901 860 1200 920 coercentiS,
1242 857 1300 906 ad
1330 858 1660 906 firmitudinem
1690 872 1831 906 revo-

160 938 253 993 cat,
281 930 499 991 rogitans
526 928 605 976 ubi
640 934 902 992 praecepta
929 929 1212 991 sapientiae,
1246 927 1324 975 ubi
1352 934 1423 976 tot
1449 943 1537 992 per
1560 943 1711 976 annos
1735 943 1831 976 me·

160 1001 304 1049 dita-ta
342 999 462 1047 ratio
504 999 758 1047 adversum
793 996 1117 1046 imminentia?
1144 1040 1146 1042 ,
1170 999 1244 1045 cui
1273 998 1397 1045 enim
1435 999 1652 1060 ignaram
1677 998 1830 1046 fuisse

100 1087 143 1121 10
165 1071 412 1119 saevitiam
442 1066 692 1116 Neronis?
740 1081 898 1130 neque
929 1066 1054 1114 aliud
1085 1082 1347 1130 superesse
1375 1074 1487 1130 post
1513 1075 1712 1116 matrem
1739 1068 1830 1115 fra·

158 1149 377 1203 tremque
416 1138 699 1186 interfectos
737 1152 874 1200 quam
900 1146 950 1184 ut
981 1137 1716 1201 educatoris*praeceptorisque
1751 1152 1829 1184 ne·

161 1225 265 1259 cem
294 1207 526 1256 adiceret.

266 1279 348 1328 63.
389 1277 482 1326 Ubi
529 1277 652 1325 haec
694 1285 839 1340 atque
884 1276 996 1324 talia
1039 1276 1172 1325 velut
1215 1279 1262 1325 in
1300 1292 1548 1326 commune
1587 1276 1830 1339 disseruit,

160 1348 501 1412 complectitur
528 1353 754 1409 uxorem,
801 1355 848 1395 et
877 1346 1118 1410 paululum
1144 1346 1376 1395 adversus
1404 1354 1709 1412 praesentem
1733 1347 1830 1394 for-

158 1418 403 1468 titudinem
438 1416 651 1464 mollitus
684 1425 828 1479 rogat
867 1424 1066 1480 oratque
1108 1423 1400 1481 temperaret
1437 1417 1593 1465 dolori
1627 1431 1719 1465 neu
1753 1431 1829 1464 ae—

158 1498 343 1538 ternum
372 1487 670 1550 susciperet,
709 1486 796 1535 sed
833 1487 879 1534 in
909 1486 1314 1551 contemplatione
1344 1488 1469 1536 vitae
1497 1501 1585 1552 per
1610 1487 1830 1535 virtutem

120 1576 141 1608 ⁵
161 1565 299 1608 actae
325 1556 613 1605 desiderium
650 1558 802 1605 mariti
831 1556 1026 1604 solaciis
1061 1555 1278 1604 honestis
1313 1557 1560 1606 toleraret.
1610 1556 1691 1605 illa
1720 1570 1831 1605 con·

157 1636 229 1677 tra
280 1626 371 1675 sibi
423 1640 616 1691 quoque
667 1626 947 1675 destinatam
1003 1633 1205 1674 mortem
1248 1625 1503 1675 adseverat
1549 1641 1832 1689 manumque

159 1699 470 1763 percussoris
496 1698 735 1760 exposcit.
790 1704 886 1744 tum
914 1697 1103 1744 Seneca
1123 1695 1311 1758 gloriae
1339 1697 1440 1744 eius
1463 1710 1558 1744 non
1580 1695 1830 1758 adversuS,

160 1767 299 1816 simul
327 1781 517 1827 amore,
557 1781 616 1813 ne
655 1766 744 1813 sibi
782 1766 920 1814 unice
957 1764 1178 1813 dilectam
1205 1765 1262 1813 ad
1299 1767 1492 1815 iniurias
1520 1764 1830 1830 relinqueret,

160 1839 349 1885 evitae’
388 1838 540 1900 inquit
567 1834 907 1884 ‘delenimenta
933 1843 1312 1883 monstraveram
1338 1835 1445 1898 tibi,
1484 1843 1532 1883 tu
1556 1835 1723 1883 mortis
1750 1834 1830 1882 de-

102 1921 144 1954 10
165 1922 250 1956 cus
275 1907 451 1954 mavis:
486 1920 579 1953 non
604 1904 830 1953 invidebo
859 1904 1102 1969 exemplo,
1155 1906 1214 1953 sit
1239 1905 1375 1954 huius
1399 1913 1493 1954 tam
1511 1905 1653 1953 fortis
1677 1905 1830 1952 exitus

162 1977 429 2026 constantia
468 1990 619 2038 penes
652 1983 882 2039 utrosque
910 1990 1025 2038 par,
1057 1973 1352 2023 claritudinis
1380 1975 1487 2040 plus
1513 1975 1559 2022 in
1587 1981 1667 2023 tuo
1697 1974 1827 2022 fine?

161 2053 272 2112 post
299 2060 422 2109 quae
446 2044 618 2093 eodem
648 2045 743 2093 ictu
774 2044 968 2094 brachia
995 2045 1126 2093 ferro
1154 2044 1425 2093 exsolvunt.
1476 2046 1683 2105 Seneca,
1712 2058 1829 2107 quo-

159 2118 283 2164 niam
310 2114 464 2164 senile
493 2129 670 2179 corpus
697 2123 745 2163 et
774 2130 922 2179 parco
952 2116 1079 2162 victu
1106 2121 1346 2163 tenuatum
1370 2114 1498 2163 lenta
1523 2114 1703 2176 effugia
1724 2128 1828 2161 san-

159 2187 288 2249 guini
318 2183 603 2249 praebebat,
635 2200 821 2233 crurum
853 2199 1044 2249 quoque
1071 2191 1119 2232 et
1145 2183 1380 2248 poplitum
1399 2198 1547 2233 venas
1575 2182 1827 2247 abrumpit.

101 2271 143 2305 15
163 2256 418 2317 saevisque
446 2254 736 2303 cruciatibus
763 2254 1003 2317 defessuS,
1032 2266 1091 2301 ne
1122 2253 1295 2302 dolore
1321 2268 1408 2303 suo
1435 2255 1636 2303 animum
1662 2253 1829 2300 uxoris

161 2325 450 2386 infringeret
489 2331 634 2386 atque
660 2326 767 2387 ipse
803 2323 1003 2372 visendo
1032 2325 1134 2372 eius
1159 2330 1394 2372 tormenta
1421 2323 1479 2372 ad
1504 2323 1826 2387 inpatientiam

160 2393 494 2455 delaberetur,
548 2393 716 2441 suadet
750 2394 796 2440 in
838 2392 963 2442 aliud
999 2393 1267 2442 cubiculum
1318 2393 1603 2442 abscedere.
1660 2398 1707 2438 et
1743 2406 1826 2439 no-

158 2465 357 2512 vissimo
393 2477 588 2526 quoque
625 2470 864 2511 momento
903 2463 1239 2526 suppeditante
1279 2462 1552 2527 eloquentia
1581 2461 1827 2509 advocatis

160 2532 478 2598 scriptoribus
505 2532 737 2597 pleraque
771 2532 987 2595 tradidit,
1025 2547 1146 2596 quae
1175 2533 1219 2579 in
1245 2532 1417 2595 vulgus
1444 2532 1567 2581 edita
1594 2532 1696 2579 eius
1721 2545 1825 2578 ver·

98 2621 142 2655 20
158 2603 233 2652 bis
256 2605 501 2651 invertere
529 2602 846 2667 supersedeo.

263 2673 346 2722 64.
387 2672 451 2720 At
492 2671 624 2720 Nero
671 2673 801 2720 nullo
845 2674 890 2720 in
932 2671 1172 2720 Paulinam
1220 2672 1416 2736 proprio
1461 2671 1599 2733 odi0,
1655 2684 1711 2718 ac
1764 2683 1823 2716 ne

158 2744 394 2806 glisceret
420 2741 596 2790 invidia
624 2742 948 2804 crudelitatis,
977 2740 1115 2790 iubet
1139 2741 1342 2789 inhiberi
1365 2748 1580 2789 mortem.
1631 2739 1822 2786 hortan-

158 2812 283 2860 tibus
310 2811 535 2860 militibus
566 2813 695 2860 servi
723 2811 978 2875 libertique
1000 2811 1218 2874 obligant
1237 2810 1447 2873 brachia,
1475 2817 1691 2873 premunt
1716 2823 1821 2855 san-

159 2882 350 2943 guinem
376 2881 610 2929 incertum
634 2897 693 2929 an
719 2883 929 2944 ignarae.
964 2895 1088 2942 nam,
1119 2887 1167 2927 ut
1194 2887 1268 2928 est
1296 2880 1469 2942 vulgus
1497 2879 1551 2927 ad
1580 2879 1821 2927 deteriora
