1976 3224
528 208 703 246 12113En
729 207 831 244 XII.
872 205 995 244 CAP.
1036 202 1237 247 58—64.
1631 193 1729 243 221
1757 188 1759 190 ’

60 339 384 405 nophontem,
424 338 557 386 cuius
595 335 794 384 scientia
823 334 932 397 ipse
962 340 1208 396 uteretur,
1250 333 1420 382 eadem
1449 332 1628 381 familia
1658 347 1733 381 or-

59 417 178 472 tum,
218 409 540 474 precibusque
569 406 670 453 eius
699 404 926 466 dandum,
963 410 1012 451 ut
1048 404 1173 452 omni
1202 403 1377 452 tributo
1404 404 1543 450 vacui
1573 403 1620 450 in
1647 416 1733 468 po-

56 486 239 529 sterum
266 477 356 527 Coi
382 491 569 527 sacram
597 481 644 523 et
672 481 850 523 tantum
877 473 955 521 dei
981 473 1240 522 ministram
1266 472 1464 520 insulam
1497 471 1732 521 colerent.

59 564 216 613 neque
244 548 434 596 dubium
458 546 662 595 habetur
687 544 830 593 multa
858 542 1122 592 eorundem
1147 544 1193 591 in
1220 541 1450 607 populum
1467 542 1733 591 Romanum
1751 558 1790 592 ιο

57 620 228 667 merita
253 618 509 682 sociasque
530 616 760 663 victorias
787 614 1003 678 potuisse
1033 612 1177 662 tradi:
1206 620 1281 677 set
1302 611 1553 674 Claudius,
1582 612 1733 661 facili-

57 695 158 737 tate
183 687 325 737 solita
356 686 484 752 quod
508 686 587 733 uni
613 690 954 746 concesserat,
991 682 1134 731 nullis
1166 683 1468 731 extrinsecus
1493 681 1714 730 adiumen

58 759 120 807 tis
145 757 341 807 velavit.

164 828 248 877 62.
288 826 352 875 At
390 824 606 889 Byzantii
642 822 749 872 data
785 822 974 871 dicendi
1008 823 1177 887 copia,
1218 836 1324 870 cum
1362 821 1735 884 magnitudinem

58 911 256 948 onerum
284 895 412 961 apud
438 900 652 943 senatum
678 892 1083 957 deprecarentur,
1115 899 1284 940 cuncta
1308 892 1605 956 repetivere.
1635 892 1736 940 orsi

57 983 88 1018 a
115 966 318 1016 foedere
348 964 477 1031 quod
503 963 750 1012 nobiscum
779 963 980 1024 icerant,
1013 977 1105 1026 qua
1132 968 1422 1025 tempestate
1447 960 1734 1010 bellavimus

57 1037 296 1087 adversus
318 1050 487 1098 regem
511 1033 852 1095 Macedonum,
893 1033 968 1080 cui
994 1040 1044 1079 ut
1075 1031 1310 1094 degeneri
1335 1030 1736 1096 Pseudophilippi

59 1106 350 1157 vocabulum
385 1105 672 1169 inpositum,
708 1103 879 1150 missas
912 1101 1118 1166 posthac
1152 1102 1320 1166 copias
1355 1101 1402 1148 in
1428 1100 1734 1164 Antiochum,
1757 1118 1777 1150 5

58 1176 241 1226 Persen
258 1213 272 1238 ,
303 1175 649 1235 Aristonicum,
678 1180 726 1221 et
751 1172 954 1236 piratico
980 1170 1113 1219 bello
1137 1170 1339 1219 adiutum
1356 1169 1614 1220 Antonium
1639 1186 1734 1219 me-

59 1246 340 1308 morabant,
381 1258 599 1308 quaeque
632 1242 794 1290 Sullae
829 1248 909 1289 aut
932 1240 1131 1289 Lucullo
1171 1247 1250 1289 aut
1274 1239 1510 1305 Pompeio
1537 1240 1735 1289 obtulis-

62 1323 197 1379 sent,
227 1329 340 1364 mox
370 1315 584 1362 recentia
612 1313 658 1359 in
687 1310 927 1361 Caesares
953 1312 1151 1374 merita,
1172 1310 1372 1374 vquando
1401 1326 1459 1359 ea
1486 1310 1597 1360 loca
1623 1310 1734 1359 insi·

61 1386 254 1449 derent,
292 1398 415 1450 quae
442 1381 840 1432 transmeantibus
879 1388 1007 1429 terra
1043 1382 1256 1444 marique
1285 1380 1485 1429 ducibus
1511 1382 1734 1429 exerciti-

59 1455 245 1520 busque
263 1491 277 1518 ,
307 1453 444 1502 simul
470 1451 694 1501 vehendo
723 1458 988 1500 commeatu
1019 1458 1256 1514 oportuna
1281 1450 1455 1498 forent.
1755 1465 1793 1498 10

163 1525 246 1576 63.
285 1523 503 1587 Namque
539 1522 779 1571 artissimo
819 1521 941 1569 inter
965 1519 1211 1584 Europam
1239 1520 1500 1584 Asiamque
1529 1519 1734 1568 divortio

58 1591 336 1658 Byzantium
370 1594 416 1641 in
455 1600 667 1641 extrema
703 1591 899 1654 Europa
941 1604 1151 1656 posuere
1193 1589 1395 1652 Graeci,
1438 1589 1610 1653 quihus
1646 1589 1734 1650 Py-

60 1665 206 1715 thium
235 1663 514 1728 Apollinem
552 1660 940 1723 consulentibuS,
977 1660 1054 1708 ubi
1091 1659 1355 1708 conderent
1397 1659 1585 1722 urbem,
1628 1659 1734 1707 red·

59 1735 205 1784 ditum
232 1732 479 1782 oraculum
517 1739 618 1794 est,
659 1737 950 1795 quaererent
987 1730 1151 1778 sedem
1193 1743 1449 1778 caecorum
1482 1730 1626 1777 terris
1655 1729 1734 1778 ad-

60 1818 268 1852 versam.
307 1817 365 1851 ea
386 1801 588 1863 ambage
613 1799 925 1850 Chalcedonii
953 1799 1357 1863 monstrabantur,
1387 1799 1518 1864 quod
1544 1799 1735 1864 priores
1756 1812 1775 1843 5

61 1874 179 1923 illuc
206 1871 429 1932 advecti,
452 1920 455 1924 ,
479 1870 702 1934 praevisa
739 1870 959 1918 locorum
996 1869 1224 1932 utilitate,
1274 1870 1447 1933 peiora
1481 1869 1734 1932 legissent.

62 1943 244 2007 quippe
270 1940 550 2003 Byzantium
575 1939 722 1987 fertili
749 1939 883 2002 solo,
911 1938 1118 1987 fecundo
1140 1939 1272 2001 mari,
1300 1940 1408 2002 quia
1435 1941 1508 1987 vis
1535 1939 1736 2003 piscium

60 2014 301 2074 inmensa,
327 2009 528 2059 Pontum
554 2023 810 2073 erumpens
832 2016 880 2057 et
902 2008 1109 2072 obliquis
1137 2007 1302 2056 subter
1326 2008 1476 2056 undas
1498 2010 1626 2056 saxis
1654 2023 1735 2056 ex-

57 2082 256 2143 territa,
301 2081 480 2128 omisso
513 2078 709 2127 alterius
741 2077 895 2126 litoris
931 2078 1058 2126 flexu
1091 2077 1182 2127 hos
1216 2076 1282 2126 ad'
1304 2085 1472 2142 portus
1504 2077 1734 2125 defertur.

60 2151 185 2201 unde
214 2152 368 2215 primo
401 2150 678 2213 quaestuosi
707 2155 754 2196 et
779 2147 1019 2212 opulenti;
1051 2154 1164 2212 post
1188 2147 1510 2210 magnitudine
1538 2161 1735 2195 onerum
1755 2159 1794 2192 10

59 2227 298 2284 urguente
331 2220 471 2268 finem
502 2225 580 2267 aut
604 2217 794 2266 modum
821 2217 1051 2280 orabant,
1089 2217 1330 2266 adnitente
1359 2218 1610 2281 principe,
1657 2218 1736 2280 qui

57 2290 303 2341 Thraecio
332 2288 717 2353 Bosporanoque
743 2286 874 2336 bello
896 2302 1070 2336 recens
1097 2287 1258 2336 fessos
1284 2286 1614 2351 iuvandosque
1642 2293 1734 2335 ret-

57 2360 183 2410 tulit.
236 2360 299 2407 ita
327 2357 500 2407 tributa
529 2358 574 2405 in
605 2358 974 2422 quinquennium
999 2357 1215 2405 remissa.
1695 2392 1699 2395 Α

170 2429 252 2480 64.
290 2428 352 2478 Μ.
377 2427 545 2476 Asinio
573 2427 655 2477 Μ’.
682 2426 841 2476 Acilio
870 2426 1147 2476 consulibus
1174 2430 1479 2475 mutationem
1502 2441 1660 2475 rerum
1690 2427 1737 2473 in

64 2498 275 2548 deterius
312 2496 535 2563 portendi
572 2499 818 2560 cognitum
859 2505 933 2546 est
967 2496 1150 2546 crebris
1189 2496 1441 2561 prodigiis.
1503 2497 1641 2558 signa
1680 2510 1735 2543 ac

61 2569 265 2617 tentoria
304 2567 498 2616 militum
536 2567 635 2628 igni
674 2566 873 2616 caelesti
909 2581 1091 2616 arsere.
1145 2567 1341 2629 fastigio
1371 2564 1596 2630 Capitolii
1625 2580 1735 2613 exa·

61 2651 172 2685 men
204 2639 361 2702 apium
389 2635 576 2685 insedit.
639 2634 870 2684 biformes
897 2635 1134 2685 hominum
1171 2643 1335 2700 partus
1373 2642 1421 2684 et
1456 2637 1552 2683 suis
1588 2635 1735 2683 fetum

66 2706 268 2769 editum,
309 2708 383 2757 cui
422 2706 699 2770 accipitrum
734 2720 918 2768 ungues
954 2706 1183 2754 inessent.
1247 2705 1581 2754 numerabatur
1614 2705 1774 2753 inters

66 2782 255 2825 ostenta
283 2777 549 2826 deminutus
577 2775 778 2823 omnium
803 2776 1163 2838 magistratuum
1183 2789 1432 2837 numeruS,
1460 2781 1734 2839 quaestore,

63 2844 237 2908 aedili,
275 2847 462 2895 tribuno
503 2861 559 2894 ac
600 2851 822 2909 praetore
863 2852 910 2892 et
947 2843 1145 2893 consule
1182 2858 1367 2908 paucos
1395 2844 1515 2892 intra
1545 2859 1735 2893 menses

64 2912 320 2963 defunctis.
376 2915 459 2964 sed
489 2917 535 2963 in
564 2914 827 2979 praecipuo
858 2928 1041 2978 pavore
1066 2913 1363 2979 Agrippina,
1394 2927 1566 2964 vocem
1594 2913 1732 2963 Clau-
