1976 3224
638 217 810 254 LIBER
831 186 913 253 1⁸11.
949 216 1073 256 CAP.
1102 217 1142 257 1.
1661 210 1726 257 79

124 345 284 386 consul.
339 344 407 386 33.
438 344 598 385 Uxores
637 357 662 384 a
696 344 923 397 provinciis
959 350 1071 383 arcet
1099 344 1288 385 Caecina.
1340 345 1410 386 34.
1445 345 1495 385 Ei
1519 354 1727 399 repugnat

121 402 317 442 Valerius
347 401 599 441 Messalinus
636 401 916 453 adstipulante
948 396 1099 441 Druso.
1168 401 1239 442 35.
1282 401 1458 442 Blaesus
1500 404 1726 456 proconsul

123 458 305 499 Africae.
362 457 431 499 36.
454 456 525 499 37.
543 458 742 498 Abusus
732 469 964 510 lmaglnum
976 457 1270 511 principalium
1291 459 1724 511 repressusaDruso.
1754 464 1757 465 ⁷

123 515 191 558 38.
208 513 278 556 39.
309 514 505 554 Accusati
529 514 867 568 repetundarum,
897 514 1140 554 maiestatis.
1199 513 1399 554 Thraciae
1435 522 1592 556 motum
1627 516 1727 556 Vel-

122 574 239 613 laeus
268 570 514 624 comprimit.
576 570 646 612 40.
687 568 819 610 Gallia
850 570 1026 610 ducibus
1061 570 1182 610 Floro
1216 577 1255 610 et
1287 570 1506 612 Sacroviro
1538 573 1725 613 rebellat.

122 630 195 670 41.
225 628 477 682 Andecavos
498 633 661 667 coercet
680 627 846 676 Aviola,
876 626 1067 667 Turonos
1097 628 1310 680 opprimit.
1368 629 1439 668 42.
1471 628 1618 669 Florus
1651 641 1727 669 sua

122 697 248 725 manu
275 685 397 724 cadit.
445 683 560 723 Finis
586 683 796 723 Treverici
824 683 1040 724 tumultus.
1089 684 1159 725 43.
1198 684 1369 724 Aeduos
1408 685 1547 725 turbat
1579 685 1726 726 Sacro-

120 744 198 783 vir.
247 743 316 782 44.
354 741 530 780 Romam
567 741 778 793 percellit,
816 753 900 780 non
933 739 1159 780 Tiberium.
1216 741 1288 780 45.
1318 740 1391 782 46.
1426 740 1553 781 Silius
1586 741 1725 782 Gallos

120 799 272 848 fundit,
303 796 574 849 crupellarios
596 797 744 837 caedit.
788 796 983 837 Sacrovir
1012 797 1092 836 sibi
1121 809 1290 836 manum
1320 797 1460 839 infert.
1503 798 1575 838 47.
1605 798 1726 838 Tibe-

119 856 207 896 rius
231 854 398 895 simulat
419 853 498 893 iter
525 854 569 893 in
600 850 770 896 Gallias.
826 852 899 895 48.
931 851 1094 900 Quirini
1121 850 1234 893 mors
1267 852 1498 894 honestata.
1538 855 1725 896 49-51,

118 912 315 953 Lutorius
336 916 556 950 accusatus
579 908 819 950 defenditur
838 922 864 949 a
885 909 1061 963 Lepido,
1092 916 1132 949 et
1154 918 1325 949 necatur
1344 911 1388 949 in
1409 922 1586 951 carcere.
1613 910 1655 951 S.
1678 910 1725 953 C.

119 969 170 1009 de
198 966 429 1008 differenda
453 978 602 1019 poena.

198 1025 266 1065 52.
295 1023 467 1063 Aediles
493 1023 545 1062 de
570 1023 674 1062 luxu
698 1023 929 1063 coercendo
957 1030 1103 1076 agunt.
1148 1022 1327 1064 Senatus
1357 1036 1445 1063 rem
1477 1024 1648 1063 remittit
1672 1025 1727 1064 ad

118 1082 362 1135 principem.
409 1078 478 1120 53.
506 1079 575 1119 54.
604 1079 680 1119 Hic
706 1079 958 1119 medicinam
986 1092 1012 1119 a
1041 1087 1228 1133 tempore
1257 1080 1508 1132 sperandam
1539 1092 1726 1133 pronun—

118 1139 207 1179 tiat.
262 1137 332 1178 55.
363 1136 568 1176 Paulatim
604 1143 754 1188 sponte
782 1137 930 1176 mutati
954 1148 1107 1176 mores.
1175 1135 1247 1177 56.
1273 1136 1513 1176 Tribunicia
1538 1143 1725 1190 potestas

116 1196 247 1249 petita
274 1194 410 1233 Druso
438 1199 477 1232 et
496 1193 566 1233 57.
596 1193 815 1246 impetrata
842 1205 936 1232 cum
957 1192 1196 1232 adulatione
1218 1200 1397 1245 patrum.
1448 1193 1518 1234 58.
1555 1193 1725 1233 Flamen

118 1251 240 1292 dialis
272 1249 400 1290 ambit
426 1249 698 1301 provinciam.
752 1248 823 1289 59.
848 1248 935 1289 Alii
963 1249 1182 1289 obsistunt.
1234 1250 1359 1289 Drusi
1384 1250 1580 1303 superbia
1607 1256 1726 1290 nota·-

118 1315 203 1349 tur.
249 1305 435 1348 60—63.
463 1306 608 1358 Imago
636 1305 854 1345 libertatis.
912 1305 1045 1357 Asyla
1082 1304 1332 1346 Graecarum
1360 1307 1573 1346 civitatum
1602 1319 1726 1347 sena-

115 1372 183 1405 tus
219 1363 431 1404 examinat
466 1368 506 1402 et
542 1362 715 1402 modurn
743 1362 1006 1415 praescribit.
1052 1362 1123 1403 64.
1166 1363 1388 1415 Augustae
1420 1364 1605 1404 morbus.
1655 1363 1726 1403 Ti-

115 1421 221 1461 berii
248 1421 291 1460 in
315 1427 490 1459 matrem
516 1430 600 1458 nou
622 1419 811 1459 sincerus
839 1431 969 1459 amor.
1020 1419 1091 1460 65.
1110 1419 1317 1472 Tempora
1346 1418 1471 1460 foeda
1487 1420 1725 1460 adulatione

116 1477 284 1517 infecta.
334 1474 519 1518 66—68.
549 1475 592 1516 C.
625 1473 793 1515 Silanus
820 1476 1146 1528 repetundarum
1172 1483 1212 1516 et
1230 1476 1460 1516 maiestatis
1488 1476 1724 1528 postulatus

117 1547 142 1574 a
169 1534 310 1574 multis
344 1538 519 1586 urgetur
544 1538 584 1572 et
612 1544 637 1572 a
660 1532 850 1585 principe
886 1533 980 1585 ipso
1018 1538 1058 1572 et
1094 1532 1330 1571 damnatur.
1383 1532 1452 1574 69.
1486 1532 1725 1572 Dolabellae

117 1590 397 1631 adulationem
423 1588 492 1631 69.
519 1589 708 1642 reprimit
738 1587 927 1628 Tiberius
963 1595 1003 1628 et
1032 1590 1259 1628 sententias
1290 1589 1467 1642 mitigat.
1521 1588 1592 1632 70.
1626 1589 1725 1629 Cor—

117 1648 210 1698 dus,
238 1647 422 1697 Ennius,
455 1643 599 1699 Capito
628 1646 703 1685 rei.
759 1645 828 1686 71.
864 1645 1083 1696 Equestris
1117 1645 1312 1686 Fortuna.
1370 1647 1441 1686 Ius
1478 1645 1722 1686 flaminium.

117 1705 185 1745 72.
215 1704 394 1744 Basilica
424 1703 556 1743 Pauli.
608 1701 783 1755 Pompei
808 1702 1028 1742 theatrum.
1077 1701 1146 1743 73.
1180 1701 1457 1741 Tacfarinatis
1476 1703 1620 1754 petitio
1646 1703 1724 1741 im·-

116 1762 293 1814 pudens.
364 1761 432 1800 74.
470 1758 645 1799 Blaesus
689 1771 784 1798 eum
826 1758 1096 1811 adgreditur,
1135 1757 1310 1798 fratrem
1347 1759 1436 1798 eius
1475 1759 1604 1812 capit,
1648 1770 1725 1797 nec

114 1818 269 1858 bellum
296 1816 472 1856 conficit.
523 1815 593 1859 75.
632 1815 701 1857 76.
739 1815 852 1856 Mors
889 1813 1099 1865 Salonini,
1138 1814 1377 1868 Capitonis,
1408 1816 1576 1865 Iuniae,
1606 1815 1723 1855 cuius

119 1874 320 1914 sollemne
345 1873 486 1913 funus.

203 1930 313 1969 Haec
338 1926 520 1968 triennio
553 1932 675 1980 gesta
698 1928 752 1967 M.
779 1927 947 1967 Valerio
977 1933 1016 1966 et
1042 1927 1097 1966 Μ.
1129 1928 1315 1977 Aurelio,
1342 1928 1507 1968 Tiberio
1535 1929 1636 1981 imp.
1666 1928 1724 1969 IV

119 1994 158 2026 et
189 1986 324 2026 Druso
353 1984 518 2024 Nerone
547 1986 609 2033 ΙΙ,
628 1983 671 2024 C.
698 1982 878 2036 Sulpicio
911 1990 950 2023 et
977 1983 1026 2023 D.
1055 1983 1221 2023 Haterio
1248 1995 1356 2024 coss.

169 2070 212 2118 1.
252 2067 379 2116 Nihil
412 2068 679 2116 intermissa
714 2068 1020 2130 navigatione
1055 2066 1241 2115 hiberni
1279 2067 1423 2114 maris
1455 2067 1723 2130 Agrippina

62 2135 323 2199 Corcyram
350 2138 547 2184 insulam
573 2136 853 2196 advehitur,
897 2136 1036 2185 litora
1074 2134 1325 2184 Calabriae
1363 2136 1528 2184 contra
1569 2137 1719 2183 sitam.

61 2207 159 2256 illic
196 2221 380 2270 paucos
420 2205 521 2254 dies
563 2205 879 2270 conponendo
920 2206 1073 2253 animo
1102 2205 1316 2265 insumit,
1353 2205 1565 2253 violenta
1591 2204 1721 2254 luctu

61 2283 108 2325 et
132 2277 296 2324 nescia
323 2275 575 2324 tolerandi.
618 2276 810 2323 interim
835 2275 1042 2322 adventu
1072 2275 1174 2322 eius
1206 2273 1365 2322 audito
1387 2275 1573 2322 intimus
1595 2274 1719 2337 quis-

61 2360 152 2409 que
179 2346 437 2394 amicorum
464 2352 512 2392 et
532 2344 754 2408 plerique
776 2344 1024 2405 militareS,
1052 2351 1103 2391 ut
1126 2344 1303 2423 quiqu-e
1326 2342 1413 2390 sub
1437 2342 1720 2392 Germanico
1743 2363 1762 2394 5

61 2415 297 2478 stipendia
322 2415 557 2475 fecerant,
585 2414 813 2477 multique
846 2414 985 2461 etiam
1010 2413 1159 2475 ignoti
1184 2411 1352 2460 vicinis
1380 2428 1406 2461 e
1433 2413 1719 2475 municipiis,

61 2498 174 2548 pars
201 2483 444 2532 officium
432 2499 479 2531 m
505 2483 770 2546 principem
795 2483 912 2543 rati,
947 2483 1113 2546 plures
1143 2481 1253 2529 illos
1280 2482 1460 2533 secuti
1488 2496 1632 2529 ruere
1663 2481 1720 2529 ad

61 2553 285 2617 oppidum
309 2552 635 2613 Brundisium,
665 2552 793 2615 quod
819 2552 1058 2614 naviganti
1086 2550 1386 2599 celerrimum
1424 2534 1719 2599 fidissimum-

62 2637 155 2688 que
195 2622 396 2686 adpulsu
436 2629 553 2670 erat.
620 2628 762 2684 atque
801 2621 880 2668 ubi
921 2621 1117 2683 primum
1157 2635 1218 2667 ex
1256 2620 1352 2667 alto
1390 2620 1492 2667 visa
1532 2619 1719 2680 elassis,

62 2692 361 2756 complentur
390 2705 483 2739 non
508 2690 651 2738 modo
680 2697 845 2753 portus
873 2697 922 2737 et
951 2690 1168 2752 proxima
1201 2688 1372 2749 maris,
1412 2687 1498 2735 sed
1535 2688 1720 2736 moenia
1740 2703 1778 2735 10

63 2775 119 2809 ac
147 2768 294 2822 tecta,
327 2775 515 2824 quaque
544 2759 824 2820 longissime
851 2757 1154 2821 prospectari
1178 2763 1383 2820 poterat,
1411 2757 1721 2809 maerentium

0 2855 1 2875 ;
62 2829 198 2878 turba
230 2837 276 2877 et
302 2830 606 2892 rogitantium
634 2829 756 2874 inter
784 2841 856 2887 se,
886 2826 1139 2873 silentione
1172 2840 1229 2872 an
1254 2839 1379 2873 voce
1401 2825 1559 2887 aliqua
1582 2839 1719 2887 egre-

64 2898 270 2947 dientem
298 2900 595 2962 exciperent.
650 2910 807 2959 neque
836 2896 950 2943 satis
980 2893 1227 2943 constabat
1254 2894 1364 2957 quid
1388 2908 1475 2958 pro
1501 2901 1720 2958 tempore
