1976 3224
554 185 727 223 mmm
764 185 867 223 ΧΗ.
903 185 1029 223 CAP.
1069 182 1269 226 64—69.
1640 172 1743 223 223

76 315 242 363 ferret.
295 313 521 377 deligitur
548 313 723 363 artifex
757 311 916 361 talium
941 312 1182 361 vocabulo
1207 312 1442 374 Locusta,
1482 326 1635 376 nuper
1664 327 1743 360 ve-

77 384 236 432 neficii
275 382 490 431 damnata
530 391 577 431 et
609 382 687 430 diu
724 382 847 429 inter
881 383 1192 431 instrumenta
1228 384 1366 445 regni
1403 380 1580 430 habita.
1642 384 1744 429 eius
1763 394 1805 430 ιο

77 453 290 501 mulieris
316 452 512 515 ingenio
551 459 765 516 paratum
790 451 949 513 viruS,
990 453 1121 500 cuius
1156 453 1371 500 minister
1398 466 1426 499 e
1452 450 1746 516 spadonibus

77 523 165 571 fuit
191 521 422 584 Halotus,
446 521 625 570 inferre
651 521 821 585 epulas
847 528 896 568 et
922 521 1183 586 explorare
1207 529 1350 586 gustu
1376 521 1562 570 solitus
1598 547 1602 549 Α

184 591 266 641 67.
301 590 539 655 Adeoque
573 598 741 640 cuncta
777 605 888 639 mox
918 599 1236 655 pernotuere,
1272 599 1322 640 ut
1346 599 1613 655 temporum
1638 590 1744 639 illo-

78 677 180 710 rum
219 661 492 725 scriptores
527 661 823 726 prodiderint
868 662 1071 709 infusum
1106 661 1382 711 delectabili
1429 660 1537 709 cibo
1578 660 1744 709 boleto

78 745 337 794 venenum,
388 746 479 779 nec
517 733 611 780 vim
655 729 978 779 medicaminis
1019 731 1174 780 statim
1208 731 1526 794 intellectam,
1578 744 1745 779 socor-

81 800 221 849 diane
260 799 445 850 Claudii
479 816 539 850 an
572 800 858 855 vinolentia;
911 800 1048 849 simul
1088 801 1242 850 soluta
1282 801 1418 849 alvus
1459 799 1747 849 subvenisse

78 869 343 920 videbatur.
392 871 536 933 igitur
564 871 792 918 exterrita
818 869 1114 934 Agrippina,
1141 878 1189 919 et
1215 870 1402 934 quando
1428 869 1588 918 ultima
1611 870 1742 918 time·
1762 886 1783 918 5

79 940 278 1003 bantur,
308 947 471 1004 spreta
498 939 820 1004 praesentium
846 939 1045 1002 invidia,
1077 941 1318 1003 provisam
1343 941 1436 989 iam
1464 939 1554 987 sibi
1581 939 1746 988 Xeno-

80 1009 273 1076 phontis
318 1008 492 1057 medici
537 1009 879 1057 conscientiam
927 1008 1135 1058 adhibet.
1199 1010 1282 1058 ille
1330 1017 1568 1074 tamquam
1615 1010 1748 1056 nisus

81 1079 348 1128 evomentis
374 1078 646 1140 adiuvaret,
686 1079 877 1142 pinnam
911 1078 1081 1143 rapido
1109 1094 1298 1128 veneno
1323 1079 1502 1128 inlitam
1527 1078 1748 1128 faucibus

0 1199 1 1218 ζ
81 1151 184 1198 eius
220 1148 469 1196 demisisse
506 1147 739 1210 creditur,
776 1146 900 1196 haud
935 1149 1131 1210 ignarus
1168 1164 1346 1198 summa
1379 1148 1568 1198 scelera
1603 1149 1749 1228 incipi

0 1268 1 1272 ,
82 1233 186 1266 cum
214 1217 459 1281 periculo,
485 1217 657 1281 peragi
684 1231 788 1264 cum
817 1218 1046 1280 praemio
1764 1224 1807 1258 10

185 1287 267 1337 68.
306 1286 584 1335 Vocabatur
621 1286 807 1334 interim
846 1294 1040 1335 senatus
1065 1295 1274 1352 votaque
1301 1302 1392 1352 pro
1419 1286 1748 1336 incolumitate

82 1357 314 1421 principis
340 1355 565 1404 consules
598 1362 645 1403 et
670 1355 954 1404 sacerdotes
985 1357 1349 1422 nuncupabant,
1386 1373 1490 1406 cum
1517 1358 1608 1405 iam
1637 1371 1747 1405 exa·

82 1427 216 1473 nimis
244 1425 459 1474 vestibus
491 1432 539 1474 et
562 1425 785 1474 fomentis
818 1424 1155 1491 obtegeretur,
1184 1427 1291 1476 dum
1322 1424 1455 1491 quae
1482 1442 1562 1475 res
1590 1426 1751 1475 forent

81 1494 311 1544 firmando
334 1493 545 1544 Neronis
571 1494 774 1559 imperio
802 1504 1166 1560 componuntur.
1222 1497 1313 1545 iam
1339 1496 1540 1560 primum
1567 1494 1747 1559 Agrip·

83 1565 218 1630 pina,
254 1563 388 1613 velut
423 1563 592 1613 dolore
620 1565 775 1613 evicta
809 1571 856 1612 et
892 1564 1073 1614 solacia
1101 1567 1420 1631 conquirenS,
1459 1573 1629 1614 tenere
1656 1579 1789 1614 ωτι-5

82 1633 229 1699 plexu
254 1632 602 1696 Britannicum,
639 1648 802 1682 veram
832 1635 1019 1698 paterni
1046 1636 1146 1685 oris
1172 1635 1385 1699 effigiem
1413 1635 1665 1700 appellare
1693 1649 1751 1683 ac

80 1703 228 1752 variis
252 1703 435 1752 artibus
463 1703 730 1766 demorari,
766 1718 827 1752 ne
855 1703 1077 1754 cubiculo
1110 1705 1442 1769 egrederetur.
1494 1704 1751 1754 Antoniam

83 1787 276 1836 quoque
319 1779 366 1820 et
393 1772 639 1822 Octaviam
668 1787 865 1822 sorores
894 1775 996 1823 eius
1023 1775 1233 1839 attinuit,
1276 1782 1324 1824 et
1367 1782 1566 1824 cunctos
1595 1774 1750 1823 aditus

84 1840 313 1889 custodiis
340 1841 604 1906 clauserat,
638 1841 910 1907 crebroque
935 1844 1167 1907 vulgabat
1196 1846 1267 1894 ire
1298 1847 1345 1893 in
1368 1844 1540 1894 melius
1565 1844 1748 1893 valetu-

82 1908 240 1959 dinem
278 1910 535 1975 principis,
584 1925 677 1974 quo
714 1911 852 1959 miles
891 1912 1016 1961 bona
1055 1915 1100 1962 in
1136 1929 1223 1978 spe
1259 1921 1430 1977 ageret
1462 1921 1748 1979 tempusque
1767 1928 1807 1962 10

81 1994 369 2044 prosperum
397 1994 459 2027 ex
484 1981 675 2028 monitis
703 1978 1051 2030 Chaldaeorum
1079 1982 1374 2032 adventaret.
1422 2010 1434 2027 s

188 2049 270 2099 69.
311 2049 444 2100 Tunc
468 2049 624 2098 medio
657 2049 749 2097 diei
783 2051 970 2098 tertium
1001 2059 1109 2100 ante
1135 2052 1246 2101 Idus
1275 2051 1526 2115 OctobriS,
1566 2051 1751 2101 foribus

82 2118 247 2184 palatii
275 2126 476 2183 repente
516 2118 745 2182 diductis,
787 2121 1042 2170 comitante
1067 2121 1220 2171 Burro
1247 2121 1379 2170 Nero
1420 2121 1664 2185 egreditur
1690 2121 1750 2170 ad

85 2187 359 2252 cohortem,
397 2203 518 2252 quae
553 2202 687 2237 more
722 2187 915 2238 militiae
953 2191 1172 2239 excubiis
1209 2191 1360 2241 adest.
1426 2191 1490 2239 ibi
1526 2199 1750 2240 monente

84 2257 336 2321 praefecto
373 2256 541 2306 faustis
574 2257 777 2306 vocibus
815 2268 1052 2324 exceptus
1087 2261 1259 2310 inditur
1286 2261 1508 2310 lecticae.
1572 2259 1750 2310 dubita—

82 2327 213 2374 visse
239 2326 469 2391 quosdam
494 2327 652 2375 ferunt
665 2363 688 2391 ‚-
706 2336 1042 2391 respectantes
1068 2331 1434 2395 rogitantesque
1461 2330 1543 2379 ubi
1567 2329 1748 2379 Britan·
1770 2347 1790 2379 5

82 2396 218 2444 nicus
246 2403 400 2444 esset:
427 2410 541 2445 mox
566 2396 697 2445 nullo
724 2396 770 2445 in
791 2396 1028 2447 diversum
1055 2407 1254 2449 auctore
1277 2415 1399 2465 quae
1426 2399 1751 2449 offerebantur

85 2466 239 2513 secuti
279 2472 399 2514 sunt.
448 2465 715 2530 inlatusque
753 2468 922 2516 castris
952 2467 1083 2518 Nero
1120 2477 1167 2518 et
1202 2471 1519 2532 congruentia
1546 2469 1751 2532 tempori

83 2533 356 2598 praefatus,
394 2534 632 2598 promisso
664 2534 896 2588 donativo
933 2537 990 2586 ad
1029 2539 1300 2603 exemplum
1339 2546 1568 2604 paternae
1605 2538 1750 2600 largi-

84 2602 256 2667 tionis,
314 2605 577 2667 imperator
624 2604 964 2654 consalutatur.
1029 2610 1309 2657 sententiam
1350 2608 1545 2656 militum
1583 2614 1749 2655 secuta

0 2671 1 2677 ’
84 2679 268 2735 patrum
295 2672 538 2735 consulta,
575 2687 667 2720 nec
694 2672 948 2723 dubitatum
977 2683 1051 2724 est
1078 2676 1203 2740 apud
1234 2678 1525 2742 provincias.
1550 2684 1555 2690 ‘
1590 2675 1808 2725 caele-10

87 2747 281 2806 stesque
327 2742 538 2791 honores
584 2740 784 2791 Claudio
828 2743 1148 2793 decernuntur
1197 2753 1243 2794 et
1285 2746 1465 2795 funeris
1512 2744 1748 2794 sollemne

87 2811 286 2873 perinde
329 2826 386 2860 ac
421 2810 531 2859 divo
568 2809 788 2873 Augusto
826 2812 1123 2877 celebratur,
1174 2815 1439 2864 aemulante
1478 2812 1750 2879 Agrippina

88 2881 316 2942 proaviae
350 2880 512 2929 Liviae
563 2881 979 2943 magnificentiam.
1057 2890 1389 2933 testamentum
1429 2891 1586 2932 tamen
1624 2883 1746 2932 haud
