<?xml version="1.0" encoding="UTF-8"?>
<!DOCTYPE html PUBLIC "-//W3C//DTD XHTML 1.0 Transitional//EN"
    "http://www.w3.org/TR/xhtml1/DTD/xhtml1-transitional.dtd">
<html xmlns="http://www.w3.org/1999/xhtml" xml:lang="en" lang="en">
 <head>
  <title>
</title>
<meta http-equiv="Content-Type" content="text/html;charset=utf-8" />
  <meta name='ocr-system' content='tesseract 3.04.00' />
  <meta name='ocr-capabilities' content='ocr_page ocr_carea ocr_par ocr_line ocrx_word'/>
</head>
<body>
  <div class='ocr_page' id='page_1' title='image "./libriquisupersun01taciuoft_0261.png"; bbox 0 0 1976 3224; ppageno 0'>
   <div class='ocr_carea' id='block_1_1' title="bbox 561 186 1768 259">
    <p class='ocr_par' dir='ltr' id='par_1_1' title="bbox 561 186 1768 259">
     <span class='ocr_line' id='line_1_1' title="bbox 561 186 1768 259; baseline 0.003 -5"><span class='ocrx_word' id='word_1_1' title='bbox 561 217 735 254; x_wconf 81' lang='lat' dir='ltr'>LIBER</span> <span class='ocrx_word' id='word_1_2' title='bbox 760 218 862 254; x_wconf 80' lang='grc' dir='ltr'><strong>ΧΠ.</strong></span> <span class='ocrx_word' id='word_1_3' title='bbox 905 215 1028 254; x_wconf 84' lang='lat' dir='ltr'><strong>GAP.</strong></span> <span class='ocrx_word' id='word_1_4' title='bbox 1061 214 1258 258; x_wconf 78' lang='lat'>12—17.</span> <span class='ocrx_word' id='word_1_5' title='bbox 1648 186 1768 259; x_wconf 39' lang='lat'><strong>2⁴33*</strong></span> 
     </span>
    </p>
   </div>
   <div class='ocr_carea' id='block_1_2' title="bbox 73 345 1810 2085">
    <p class='ocr_par' dir='ltr' id='par_1_2' title="bbox 74 345 1751 478">
     <span class='ocr_line' id='line_1_2' title="bbox 74 345 1751 413; baseline -0.001 -17"><span class='ocrx_word' id='word_1_6' title='bbox 74 354 365 413; x_wconf 84' lang='lat' dir='ltr'><strong>moraretur:</strong></span> <span class='ocrx_word' id='word_1_7' title='bbox 408 346 544 394; x_wconf 86' lang='lat' dir='ltr'><strong>brevi</strong></span> <span class='ocrx_word' id='word_1_8' title='bbox 571 352 618 393; x_wconf 90' lang='lat' dir='ltr'><strong>et</strong></span> <span class='ocrx_word' id='word_1_9' title='bbox 643 345 852 408; x_wconf 83' lang='lat' dir='ltr'><strong>inglorio</strong></span> <span class='ocrx_word' id='word_1_10' title='bbox 881 346 1085 409; x_wconf 87' lang='lat' dir='ltr'><strong>imperio</strong></span> <span class='ocrx_word' id='word_1_11' title='bbox 1126 345 1404 409; x_wconf 83' lang='lat' dir='ltr'><strong>perfunctus</strong></span> <span class='ocrx_word' id='word_1_12' title='bbox 1437 353 1535 410; x_wconf 89' lang='lat' dir='ltr'><strong>est,</strong></span> <span class='ocrx_word' id='word_1_13' title='bbox 1571 361 1751 411; x_wconf 85' lang='lat' dir='ltr'><strong>resque</strong></span> 
     </span>
     <span class='ocr_line' id='line_1_3' title="bbox 75 414 1347 478; baseline -0.004 -11"><span class='ocrx_word' id='word_1_14' title='bbox 75 417 357 468; x_wconf 81' lang='lat' dir='ltr'><strong>Parthorum</strong></span> <span class='ocrx_word' id='word_1_15' title='bbox 386 419 433 464; x_wconf 92' lang='lat' dir='ltr'><strong>in</strong></span> <span class='ocrx_word' id='word_1_16' title='bbox 459 415 603 464; x_wconf 80' lang='lat' dir='ltr'><strong>lilium</strong></span> <span class='ocrx_word' id='word_1_17' title='bbox 630 415 732 463; x_wconf 89' lang='lat' dir='ltr'><strong>eius</strong></span> <span class='ocrx_word' id='word_1_18' title='bbox 756 414 1043 478; x_wconf 79' lang='lat' dir='ltr'>Vologesen</span> <span class='ocrx_word' id='word_1_19' title='bbox 1070 415 1347 464; x_wconf 85' lang='lat' dir='ltr'><strong>translatae.</strong></span> 
     </span>
    </p>

    <p class='ocr_par' dir='ltr' id='par_1_3' title="bbox 74 483 1810 1459">
     <span class='ocr_line' id='line_1_4' title="bbox 179 483 1748 550; baseline -0.001 -14"><span class='ocrx_word' id='word_1_20' title='bbox 179 489 262 536; x_wconf 84' lang='lat'><strong>15.</strong></span> <span class='ocrx_word' id='word_1_21' title='bbox 299 487 363 535; x_wconf 89' lang='lat' dir='ltr'><strong>At</strong></span> <span class='ocrx_word' id='word_1_22' title='bbox 378 485 675 535; x_wconf 86' lang='lat' dir='ltr'><strong>Mithridates</strong></span> <span class='ocrx_word' id='word_1_23' title='bbox 691 483 1005 549; x_wconf 84' lang='lat' dir='ltr'><strong>Bosporanus</strong></span> <span class='ocrx_word' id='word_1_24' title='bbox 1023 486 1211 534; x_wconf 86' lang='lat' dir='ltr'><strong>amissis</strong></span> <span class='ocrx_word' id='word_1_25' title='bbox 1233 484 1407 548; x_wconf 90' lang='lat' dir='ltr'><strong>opibus</strong></span> <span class='ocrx_word' id='word_1_26' title='bbox 1425 501 1593 549; x_wconf 78' lang='lat' dir='ltr'><strong>vaguS,</strong></span> <span class='ocrx_word' id='word_1_27' title='bbox 1617 493 1748 550; x_wconf 90' lang='lat' dir='ltr'><strong>post·</strong></span> 
     </span>
     <span class='ocr_line' id='line_1_5' title="bbox 75 554 1750 622; baseline -0.001 -16"><span class='ocrx_word' id='word_1_28' title='bbox 75 572 219 622; x_wconf 90' lang='lat' dir='ltr'><strong>quam</strong></span> <span class='ocrx_word' id='word_1_29' title='bbox 261 556 451 605; x_wconf 92' lang='lat' dir='ltr'><strong>Didium</strong></span> <span class='ocrx_word' id='word_1_30' title='bbox 494 555 663 604; x_wconf 90' lang='lat' dir='ltr'><strong>ducem</strong></span> <span class='ocrx_word' id='word_1_31' title='bbox 707 556 972 604; x_wconf 88' lang='lat' dir='ltr'><strong>Romanum</strong></span> <span class='ocrx_word' id='word_1_32' title='bbox 1015 554 1105 604; x_wconf 89' lang='lat' dir='ltr'><strong>rob</strong></span> <span class='ocrx_word' id='word_1_33' title='bbox 1142 570 1261 619; x_wconf 88' lang='lat' dir='ltr'><strong>rque</strong></span> <span class='ocrx_word' id='word_1_34' title='bbox 1303 557 1546 603; x_wconf 88' lang='lat' dir='ltr'><strong>exercitus</strong></span> <span class='ocrx_word' id='word_1_35' title='bbox 1589 556 1750 605; x_wconf 89' lang='lat' dir='ltr'><strong>abisse</strong></span> 
     </span>
     <span class='ocr_line' id='line_1_6' title="bbox 78 622 1752 691; baseline -0.002 -15"><span class='ocrx_word' id='word_1_36' title='bbox 78 622 407 691; x_wconf 75' lang='lat' dir='ltr'><strong>cognoverat,</strong></span> <span class='ocrx_word' id='word_1_37' title='bbox 447 625 647 674; x_wconf 88' lang='lat' dir='ltr'><strong>relictos</strong></span> <span class='ocrx_word' id='word_1_38' title='bbox 686 625 733 672; x_wconf 92' lang='lat' dir='ltr'><strong>in</strong></span> <span class='ocrx_word' id='word_1_39' title='bbox 760 639 889 673; x_wconf 90' lang='lat' dir='ltr'><strong>novo</strong></span> <span class='ocrx_word' id='word_1_40' title='bbox 927 639 1080 688; x_wconf 85' lang='lat' dir='ltr'><strong>regno</strong></span> <span class='ocrx_word' id='word_1_41' title='bbox 1154 632 1268 686; x_wconf 82' lang='lat' dir='ltr'><strong>otyn</strong></span> <span class='ocrx_word' id='word_1_42' title='bbox 1294 626 1485 673; x_wconf 91' lang='lat' dir='ltr'><strong>iuventa</strong></span> <span class='ocrx_word' id='word_1_43' title='bbox 1511 625 1676 674; x_wconf 91' lang='lat' dir='ltr'><strong>rudem</strong></span> <span class='ocrx_word' id='word_1_44' title='bbox 1703 632 1752 673; x_wconf 89' lang='lat' dir='ltr'><strong>et</strong></span> 
     </span>
     <span class='ocr_line' id='line_1_7' title="bbox 75 694 1750 763; baseline -0.002 -17"><span class='ocrx_word' id='word_1_45' title='bbox 75 711 256 763; x_wconf 90' lang='lat' dir='ltr'><strong>paucas</strong></span> <span class='ocrx_word' id='word_1_46' title='bbox 285 696 551 746; x_wconf 86' lang='lat' dir='ltr'><strong>cohortium</strong></span> <span class='ocrx_word' id='word_1_47' title='bbox 587 709 690 742; x_wconf 91' lang='lat' dir='ltr'><strong>cum</strong></span> <span class='ocrx_word' id='word_1_48' title='bbox 716 694 837 743; x_wconf 91' lang='lat' dir='ltr'><strong>Iulio</strong></span> <span class='ocrx_word' id='word_1_49' title='bbox 876 694 1053 759; x_wconf 89' lang='lat' dir='ltr'><strong>Aquila</strong></span> <span class='ocrx_word' id='word_1_50' title='bbox 1090 696 1252 759; x_wconf 87' lang='lat' dir='ltr'><strong>equite</strong></span> <span class='ocrx_word' id='word_1_51' title='bbox 1287 696 1532 758; x_wconf 80' lang='lat' dir='ltr'><strong>RomanO,</strong></span> <span class='ocrx_word' id='word_1_52' title='bbox 1572 696 1750 761; x_wconf 90' lang='lat' dir='ltr'><strong>spretis</strong></span> 
     </span>
     <span class='ocr_line' id='line_1_8' title="bbox 74 765 1788 831; baseline -0.002 -16"><span class='ocrx_word' id='word_1_53' title='bbox 74 769 290 831; x_wconf 88' lang='lat' dir='ltr'><strong>utrisque</strong></span> <span class='ocrx_word' id='word_1_54' title='bbox 317 767 516 815; x_wconf 90' lang='lat' dir='ltr'><strong>concire</strong></span> <span class='ocrx_word' id='word_1_55' title='bbox 540 767 788 825; x_wconf 79' lang='lat' dir='ltr'><strong>nationeS,</strong></span> <span class='ocrx_word' id='word_1_56' title='bbox 816 765 1018 813; x_wconf 87' lang='lat' dir='ltr'><strong>inlicere</strong></span> <span class='ocrx_word' id='word_1_57' title='bbox 1044 765 1278 829; x_wconf 85' lang='lat' dir='ltr'><strong>perfugas</strong></span> <span class='ocrx_word' id='word_1_58' title='bbox 1293 784 1314 821; x_wconf 91' lang='lat'><strong>;·</strong></span> <span class='ocrx_word' id='word_1_59' title='bbox 1334 772 1580 829; x_wconf 91' lang='lat' dir='ltr'><strong>postremo</strong></span> <span class='ocrx_word' id='word_1_60' title='bbox 1610 781 1748 814; x_wconf 87' lang='lat' dir='ltr'><strong>exer·</strong></span> <span class='ocrx_word' id='word_1_61' title='bbox 1770 787 1788 818; x_wconf 80' lang='lat'>5</span> 
     </span>
     <span class='ocr_line' id='line_1_9' title="bbox 76 834 1751 899; baseline -0.002 -13"><span class='ocrx_word' id='word_1_62' title='bbox 76 839 171 886; x_wconf 90' lang='lat' dir='ltr'><strong>citu</strong></span> <span class='ocrx_word' id='word_1_63' title='bbox 209 843 379 885; x_wconf 88' lang='lat' dir='ltr'><strong>coacto</strong></span> <span class='ocrx_word' id='word_1_64' title='bbox 417 850 585 899; x_wconf 85' lang='lat' dir='ltr'><strong>regem</strong></span> <span class='ocrx_word' id='word_1_65' title='bbox 622 834 998 886; x_wconf 83' lang='lat' dir='ltr'><strong>Dandaridarum</strong></span> <span class='ocrx_word' id='word_1_66' title='bbox 1043 834 1267 883; x_wconf 83' lang='lat' dir='ltr'><strong>exturbat</strong></span> <span class='ocrx_word' id='word_1_67' title='bbox 1307 836 1610 899; x_wconf 87' lang='lat' dir='ltr'><strong>imperioque</strong></span> <span class='ocrx_word' id='word_1_68' title='bbox 1649 836 1751 883; x_wconf 91' lang='lat' dir='ltr'><strong>eius</strong></span> 
     </span>
     <span class='ocr_line' id='line_1_10' title="bbox 74 904 1750 973; baseline -0.002 -17"><span class='ocrx_word' id='word_1_69' title='bbox 74 907 271 973; x_wconf 89' lang='lat' dir='ltr'><strong>potitur.</strong></span> <span class='ocrx_word' id='word_1_70' title='bbox 339 920 462 970; x_wconf 89' lang='lat' dir='ltr'><strong>quae</strong></span> <span class='ocrx_word' id='word_1_71' title='bbox 501 904 581 953; x_wconf 93' lang='lat' dir='ltr'><strong>ubi</strong></span> <span class='ocrx_word' id='word_1_72' title='bbox 622 906 816 968; x_wconf 85' lang='lat' dir='ltr'><strong>cognita</strong></span> <span class='ocrx_word' id='word_1_73' title='bbox 851 911 899 952; x_wconf 92' lang='lat' dir='ltr'><strong>et</strong></span> <span class='ocrx_word' id='word_1_74' title='bbox 930 906 1020 954; x_wconf 86' lang='lat' dir='ltr'><strong>iam</strong></span> <span class='ocrx_word' id='word_1_75' title='bbox 1048 905 1238 968; x_wconf 90' lang='lat' dir='ltr'><strong>iamque</strong></span> <span class='ocrx_word' id='word_1_76' title='bbox 1267 904 1537 969; x_wconf 90' lang='lat' dir='ltr'><strong>Bosporum</strong></span> <span class='ocrx_word' id='word_1_77' title='bbox 1564 907 1750 954; x_wconf 87' lang='lat' dir='ltr'><strong>invasu·</strong></span> 
     </span>
     <span class='ocr_line' id='line_1_11' title="bbox 74 972 1752 1039; baseline -0.002 -13"><span class='ocrx_word' id='word_1_78' title='bbox 74 992 156 1026; x_wconf 89' lang='lat' dir='ltr'><strong>rus</strong></span> <span class='ocrx_word' id='word_1_79' title='bbox 181 975 476 1039; x_wconf 81' lang='lat' dir='ltr'><strong>habebatur,</strong></span> <span class='ocrx_word' id='word_1_80' title='bbox 514 974 659 1023; x_wconf 81' lang='lat' dir='ltr'><strong>diffisi</strong></span> <span class='ocrx_word' id='word_1_81' title='bbox 685 975 897 1039; x_wconf 87' lang='lat' dir='ltr'><strong>propriis</strong></span> <span class='ocrx_word' id='word_1_82' title='bbox 926 974 1109 1023; x_wconf 87' lang='lat' dir='ltr'><strong>viribus</strong></span> <span class='ocrx_word' id='word_1_83' title='bbox 1135 974 1316 1038; x_wconf 86' lang='lat' dir='ltr'><strong>Aquila</strong></span> <span class='ocrx_word' id='word_1_84' title='bbox 1345 982 1392 1022; x_wconf 92' lang='lat' dir='ltr'><strong>et</strong></span> <span class='ocrx_word' id='word_1_85' title='bbox 1422 972 1603 1038; x_wconf 80' lang='lat' dir='ltr'><strong>CotyS,</strong></span> <span class='ocrx_word' id='word_1_86' title='bbox 1643 976 1752 1039; x_wconf 90' lang='lat' dir='ltr'><strong>quia</strong></span> 
     </span>
     <span class='ocr_line' id='line_1_12' title="bbox 75 1044 1753 1110; baseline -0.002 -15"><span class='ocrx_word' id='word_1_87' title='bbox 75 1047 304 1096; x_wconf 85' lang='lat' dir='ltr'><strong>Zorsines</strong></span> <span class='ocrx_word' id='word_1_88' title='bbox 326 1045 600 1094; x_wconf 87' lang='lat' dir='ltr'><strong>Siracorum</strong></span> <span class='ocrx_word' id='word_1_89' title='bbox 626 1060 716 1092; x_wconf 90' lang='lat' dir='ltr'><strong>rex</strong></span> <span class='ocrx_word' id='word_1_90' title='bbox 738 1044 931 1093; x_wconf 88' lang='lat' dir='ltr'><strong>hostilia</strong></span> <span class='ocrx_word' id='word_1_91' title='bbox 953 1052 1309 1110; x_wconf 89' lang='lat' dir='ltr'><strong>resumpserat,</strong></span> <span class='ocrx_word' id='word_1_92' title='bbox 1339 1051 1565 1092; x_wconf 86' lang='lat' dir='ltr'><strong>externas</strong></span> <span class='ocrx_word' id='word_1_93' title='bbox 1587 1053 1633 1092; x_wconf 93' lang='lat' dir='ltr'><strong>et</strong></span> <span class='ocrx_word' id='word_1_94' title='bbox 1660 1046 1753 1109; x_wconf 89' lang='lat' dir='ltr'><strong>ipsi</strong></span> 
     </span>
     <span class='ocr_line' id='line_1_13' title="bbox 74 1114 1810 1180; baseline -0.001 -16"><span class='ocrx_word' id='word_1_95' title='bbox 74 1118 256 1179; x_wconf 86' lang='lat' dir='ltr'><strong>gratias</strong></span> <span class='ocrx_word' id='word_1_96' title='bbox 289 1117 575 1180; x_wconf 88' lang='lat' dir='ltr'><strong>quaesivere</strong></span> <span class='ocrx_word' id='word_1_97' title='bbox 599 1115 757 1162; x_wconf 90' lang='lat' dir='ltr'><strong>missis</strong></span> <span class='ocrx_word' id='word_1_98' title='bbox 783 1114 960 1178; x_wconf 86' lang='lat' dir='ltr'><strong>legatis</strong></span> <span class='ocrx_word' id='word_1_99' title='bbox 978 1115 1045 1163; x_wconf 87' lang='lat' dir='ltr'><strong>ad</strong></span> <span class='ocrx_word' id='word_1_100' title='bbox 1073 1114 1337 1176; x_wconf 80' lang='lat' dir='ltr'><strong>Eunonen,</strong></span> <span class='ocrx_word' id='word_1_101' title='bbox 1376 1115 1455 1178; x_wconf 87' lang='lat' dir='ltr'><strong>qui</strong></span> <span class='ocrx_word' id='word_1_102' title='bbox 1482 1114 1751 1163; x_wconf 90' lang='lat' dir='ltr'><strong>Aorsorum</strong></span> <span class='ocrx_word' id='word_1_103' title='bbox 1771 1131 1810 1162; x_wconf 89' lang='lat'><strong>10</strong></span> 
     </span>
     <span class='ocr_line' id='line_1_14' title="bbox 75 1184 1749 1250; baseline -0.001 -16"><span class='ocrx_word' id='word_1_104' title='bbox 75 1187 207 1250; x_wconf 86' lang='lat' dir='ltr'><strong>genti</strong></span> <span class='ocrx_word' id='word_1_105' title='bbox 233 1184 580 1250; x_wconf 84' lang='lat' dir='ltr'><strong>praecellebat.</strong></span> <span class='ocrx_word' id='word_1_106' title='bbox 640 1199 731 1232; x_wconf 90' lang='lat' dir='ltr'><strong>nec</strong></span> <span class='ocrx_word' id='word_1_107' title='bbox 762 1184 849 1232; x_wconf 82' lang='lat' dir='ltr'><strong>fuit</strong></span> <span class='ocrx_word' id='word_1_108' title='bbox 874 1185 920 1232; x_wconf 92' lang='lat' dir='ltr'><strong>in</strong></span> <span class='ocrx_word' id='word_1_109' title='bbox 944 1184 1093 1233; x_wconf 89' lang='lat' dir='ltr'><strong>arduo</strong></span> <span class='ocrx_word' id='word_1_110' title='bbox 1122 1185 1334 1234; x_wconf 88' lang='lat' dir='ltr'><strong>societas</strong></span> <span class='ocrx_word' id='word_1_111' title='bbox 1367 1185 1629 1249; x_wconf 88' lang='lat' dir='ltr'><strong>potentiam</strong></span> <span class='ocrx_word' id='word_1_112' title='bbox 1652 1185 1749 1233; x_wconf 93' lang='lat' dir='ltr'><strong>Ro-</strong></span> 
     </span>
     <span class='ocr_line' id='line_1_15' title="bbox 75 1253 1752 1317; baseline -0.001 -13"><span class='ocrx_word' id='word_1_113' title='bbox 75 1270 259 1304; x_wconf 90' lang='lat' dir='ltr'><strong>manam</strong></span> <span class='ocrx_word' id='word_1_114' title='bbox 297 1253 528 1303; x_wconf 88' lang='lat' dir='ltr'><strong>adversus</strong></span> <span class='ocrx_word' id='word_1_115' title='bbox 570 1253 805 1302; x_wconf 87' lang='lat' dir='ltr'><strong>rebellem</strong></span> <span class='ocrx_word' id='word_1_116' title='bbox 831 1253 1135 1304; x_wconf 89' lang='lat' dir='ltr'><strong>Mithridaten</strong></span> <span class='ocrx_word' id='word_1_117' title='bbox 1171 1254 1539 1303; x_wconf 65' lang='lat' dir='ltr'><strong>ostentantibus</strong></span> <span class='ocrx_word' id='word_1_118' title='bbox 1608 1255 1752 1317; x_wconf 86' lang='lat' dir='ltr'><strong>igitur</strong></span> 
     </span>
     <span class='ocr_line' id='line_1_16' title="bbox 76 1323 1751 1391; baseline -0.001 -18"><span class='ocrx_word' id='word_1_119' title='bbox 76 1326 340 1391; x_wconf 79' lang='lat' dir='ltr'><strong>pepigere,</strong></span> <span class='ocrx_word' id='word_1_120' title='bbox 373 1323 677 1388; x_wconf 87' lang='lat' dir='ltr'><strong>equestribus</strong></span> <span class='ocrx_word' id='word_1_121' title='bbox 703 1323 902 1387; x_wconf 91' lang='lat' dir='ltr'><strong>proeliis</strong></span> <span class='ocrx_word' id='word_1_122' title='bbox 928 1323 1156 1373; x_wconf 89' lang='lat' dir='ltr'><strong>Eunones</strong></span> <span class='ocrx_word' id='word_1_123' title='bbox 1185 1332 1420 1387; x_wconf 80' lang='lat' dir='ltr'><strong>certaret,</strong></span> <span class='ocrx_word' id='word_1_124' title='bbox 1462 1324 1650 1373; x_wconf 85' lang='lat' dir='ltr'><strong>obsidia</strong></span> <span class='ocrx_word' id='word_1_125' title='bbox 1676 1340 1751 1372; x_wconf 91' lang='lat' dir='ltr'><strong>ur-</strong></span> 
     </span>
     <span class='ocr_line' id='line_1_17' title="bbox 76 1395 784 1459; baseline -0.003 -16"><span class='ocrx_word' id='word_1_126' title='bbox 76 1395 201 1443; x_wconf 88' lang='lat' dir='ltr'><strong>bium</strong></span> <span class='ocrx_word' id='word_1_127' title='bbox 225 1395 428 1443; x_wconf 89' lang='lat' dir='ltr'><strong>Romani</strong></span> <span class='ocrx_word' id='word_1_128' title='bbox 455 1401 784 1459; x_wconf 86' lang='lat' dir='ltr'><strong>capesserent.</strong></span> 
     </span>
    </p>

    <p class='ocr_par' dir='ltr' id='par_1_4' title="bbox 73 1463 1790 2085">
     <span class='ocr_line' id='line_1_18' title="bbox 185 1463 1750 1528; baseline 0.001 -16"><span class='ocrx_word' id='word_1_129' title='bbox 185 1464 265 1514; x_wconf 88' lang='lat'><strong>16.</strong></span> <span class='ocrx_word' id='word_1_130' title='bbox 304 1464 438 1513; x_wconf 91' lang='lat' dir='ltr'><strong>Tunc</strong></span> <span class='ocrx_word' id='word_1_131' title='bbox 476 1465 748 1528; x_wconf 89' lang='lat' dir='ltr'><strong>composito</strong></span> <span class='ocrx_word' id='word_1_132' title='bbox 786 1464 975 1526; x_wconf 84' lang='lat' dir='ltr'><strong>agmine</strong></span> <span class='ocrx_word' id='word_1_133' title='bbox 1011 1463 1262 1526; x_wconf 89' lang='lat' dir='ltr'><strong>incedunt,</strong></span> <span class='ocrx_word' id='word_1_134' title='bbox 1305 1465 1437 1511; x_wconf 89' lang='lat' dir='ltr'><strong>cuius</strong></span> <span class='ocrx_word' id='word_1_135' title='bbox 1468 1464 1675 1512; x_wconf 83' lang='lat' dir='ltr'><strong>frontem</strong></span> <span class='ocrx_word' id='word_1_136' title='bbox 1703 1472 1750 1513; x_wconf 91' lang='lat' dir='ltr'><strong>et</strong></span> 
     </span>
     <span class='ocr_line' id='line_1_19' title="bbox 74 1532 1749 1598; baseline -0.001 -15"><span class='ocrx_word' id='word_1_137' title='bbox 74 1542 212 1597; x_wconf 86' lang='lat' dir='ltr'><strong>terga</strong></span> <span class='ocrx_word' id='word_1_138' title='bbox 238 1534 414 1596; x_wconf 90' lang='lat' dir='ltr'><strong>Aorsi,</strong></span> <span class='ocrx_word' id='word_1_139' title='bbox 451 1533 605 1583; x_wconf 87' lang='lat' dir='ltr'><strong>media</strong></span> <span class='ocrx_word' id='word_1_140' title='bbox 642 1532 870 1582; x_wconf 90' lang='lat' dir='ltr'><strong>cohortes</strong></span> <span class='ocrx_word' id='word_1_141' title='bbox 899 1541 946 1582; x_wconf 89' lang='lat' dir='ltr'><strong>et</strong></span> <span class='ocrx_word' id='word_1_142' title='bbox 970 1532 1240 1598; x_wconf 88' lang='lat' dir='ltr'><strong>Bosporani</strong></span> <span class='ocrx_word' id='word_1_143' title='bbox 1269 1532 1543 1581; x_wconf 90' lang='lat' dir='ltr'><strong>tutabantur</strong></span> <span class='ocrx_word' id='word_1_144' title='bbox 1573 1535 1749 1582; x_wconf 86' lang='lat' dir='ltr'><strong>nostris</strong></span> 
     </span>
     <span class='ocr_line' id='line_1_20' title="bbox 73 1602 1750 1668; baseline 0 -16"><span class='ocrx_word' id='word_1_145' title='bbox 73 1605 120 1652; x_wconf 91' lang='lat' dir='ltr'><strong>in</strong></span> <span class='ocrx_word' id='word_1_146' title='bbox 147 1605 306 1652; x_wconf 89' lang='lat' dir='ltr'><strong>armis.</strong></span> <span class='ocrx_word' id='word_1_147' title='bbox 358 1605 429 1652; x_wconf 92' lang='lat' dir='ltr'><strong>sic</strong></span> <span class='ocrx_word' id='word_1_148' title='bbox 451 1604 616 1668; x_wconf 89' lang='lat' dir='ltr'><strong>pulsus</strong></span> <span class='ocrx_word' id='word_1_149' title='bbox 635 1602 824 1665; x_wconf 80' lang='lat' dir='ltr'><strong>hostis,</strong></span> <span class='ocrx_word' id='word_1_150' title='bbox 843 1611 1133 1668; x_wconf 89' lang='lat' dir='ltr'><strong>ventumque</strong></span> <span class='ocrx_word' id='word_1_151' title='bbox 1155 1604 1344 1665; x_wconf 87' lang='lat' dir='ltr'><strong>Sozam,</strong></span> <span class='ocrx_word' id='word_1_152' title='bbox 1373 1602 1601 1667; x_wconf 91' lang='lat' dir='ltr'><strong>oppidum</strong></span> <span class='ocrx_word' id='word_1_153' title='bbox 1625 1602 1750 1652; x_wconf 89' lang='lat' dir='ltr'><strong>Dan-</strong></span> 
     </span>
     <span class='ocr_line' id='line_1_21' title="bbox 75 1670 1751 1738; baseline -0.001 -17"><span class='ocrx_word' id='word_1_154' title='bbox 75 1674 294 1736; x_wconf 88' lang='lat' dir='ltr'><strong>daricae,</strong></span> <span class='ocrx_word' id='word_1_155' title='bbox 324 1673 452 1738; x_wconf 91' lang='lat' dir='ltr'><strong>quod</strong></span> <span class='ocrx_word' id='word_1_156' title='bbox 479 1673 720 1722; x_wconf 90' lang='lat' dir='ltr'><strong>desertum</strong></span> <span class='ocrx_word' id='word_1_157' title='bbox 749 1688 774 1722; x_wconf 90' lang='lat' dir='ltr'><strong>a</strong></span> <span class='ocrx_word' id='word_1_158' title='bbox 794 1672 1064 1722; x_wconf 87' lang='lat' dir='ltr'><strong>Mithridate</strong></span> <span class='ocrx_word' id='word_1_159' title='bbox 1089 1670 1150 1722; x_wconf 89' lang='lat' dir='ltr'><strong>ob</strong></span> <span class='ocrx_word' id='word_1_160' title='bbox 1176 1672 1427 1735; x_wconf 86' lang='lat' dir='ltr'><strong>ambiguos</strong></span> <span class='ocrx_word' id='word_1_161' title='bbox 1450 1673 1751 1738; x_wconf 86' lang='lat' dir='ltr'><strong>popularium</strong></span> 
     </span>
     <span class='ocr_line' id='line_1_22' title="bbox 74 1743 1790 1808; baseline -0.001 -16"><span class='ocrx_word' id='word_1_162' title='bbox 74 1744 256 1792; x_wconf 92' lang='lat' dir='ltr'><strong>animos</strong></span> <span class='ocrx_word' id='word_1_163' title='bbox 285 1745 490 1808; x_wconf 86' lang='lat' dir='ltr'><strong>optineri</strong></span> <span class='ocrx_word' id='word_1_164' title='bbox 515 1743 688 1792; x_wconf 87' lang='lat' dir='ltr'><strong>relicto</strong></span> <span class='ocrx_word' id='word_1_165' title='bbox 723 1743 787 1791; x_wconf 92' lang='lat' dir='ltr'><strong>ibi</strong></span> <span class='ocrx_word' id='word_1_166' title='bbox 816 1743 1057 1807; x_wconf 90' lang='lat' dir='ltr'><strong>praesidio</strong></span> <span class='ocrx_word' id='word_1_167' title='bbox 1085 1745 1253 1791; x_wconf 91' lang='lat' dir='ltr'><strong>visum.</strong></span> <span class='ocrx_word' id='word_1_168' title='bbox 1323 1743 1448 1790; x_wconf 85' lang='lat' dir='ltr'><strong>exim</strong></span> <span class='ocrx_word' id='word_1_169' title='bbox 1476 1743 1522 1790; x_wconf 92' lang='lat' dir='ltr'><strong>in</strong></span> <span class='ocrx_word' id='word_1_170' title='bbox 1551 1743 1746 1791; x_wconf 87' lang='lat' dir='ltr'><strong>Siracos</strong></span> <span class='ocrx_word' id='word_1_171' title='bbox 1771 1770 1790 1802; x_wconf 81' lang='lat'>5</span> 
     </span>
     <span class='ocr_line' id='line_1_23' title="bbox 75 1812 1748 1876; baseline 0 -16"><span class='ocrx_word' id='word_1_172' title='bbox 75 1819 306 1876; x_wconf 86' lang='lat' dir='ltr'><strong>pergunt,</strong></span> <span class='ocrx_word' id='word_1_173' title='bbox 337 1820 383 1860; x_wconf 91' lang='lat' dir='ltr'><strong>et</strong></span> <span class='ocrx_word' id='word_1_174' title='bbox 412 1813 701 1875; x_wconf 89' lang='lat' dir='ltr'><strong>transgressi</strong></span> <span class='ocrx_word' id='word_1_175' title='bbox 730 1827 914 1861; x_wconf 89' lang='lat' dir='ltr'><strong>amnem</strong></span> <span class='ocrx_word' id='word_1_176' title='bbox 943 1813 1150 1862; x_wconf 90' lang='lat' dir='ltr'><strong>Pandam</strong></span> <span class='ocrx_word' id='word_1_177' title='bbox 1181 1813 1559 1861; x_wconf 86' lang='lat' dir='ltr'><strong>circumveniunt</strong></span> <span class='ocrx_word' id='word_1_178' title='bbox 1584 1812 1748 1861; x_wconf 91' lang='lat' dir='ltr'><strong>urbem</strong></span> 
     </span>
     <span class='ocr_line' id='line_1_24' title="bbox 76 1881 1751 1946; baseline 0 -15"><span class='ocrx_word' id='word_1_179' title='bbox 76 1881 270 1946; x_wconf 83' lang='lat' dir='ltr'><strong>Uspen,</strong></span> <span class='ocrx_word' id='word_1_180' title='bbox 299 1882 470 1930; x_wconf 90' lang='lat' dir='ltr'><strong>editam</strong></span> <span class='ocrx_word' id='word_1_181' title='bbox 495 1882 608 1941; x_wconf 89' lang='lat' dir='ltr'><strong>loco</strong></span> <span class='ocrx_word' id='word_1_182' title='bbox 631 1889 677 1929; x_wconf 87' lang='lat' dir='ltr'><strong>et</strong></span> <span class='ocrx_word' id='word_1_183' title='bbox 698 1882 950 1930; x_wconf 90' lang='lat' dir='ltr'><strong>moenibus</strong></span> <span class='ocrx_word' id='word_1_184' title='bbox 977 1898 1033 1931; x_wconf 89' lang='lat' dir='ltr'><strong>ac</strong></span> <span class='ocrx_word' id='word_1_185' title='bbox 1059 1883 1206 1932; x_wconf 86' lang='lat' dir='ltr'><strong>fossis</strong></span> <span class='ocrx_word' id='word_1_186' title='bbox 1232 1884 1454 1930; x_wconf 89' lang='lat' dir='ltr'><strong>munitam</strong></span> <span class='ocrx_word' id='word_1_187' title='bbox 1471 1920 1484 1944; x_wconf 93' lang='lat'><strong>,</strong></span> <span class='ocrx_word' id='word_1_188' title='bbox 1512 1884 1601 1930; x_wconf 90' lang='lat' dir='ltr'><strong>nisi</strong></span> <span class='ocrx_word' id='word_1_189' title='bbox 1623 1882 1751 1946; x_wconf 89' lang='lat' dir='ltr'><strong>quod</strong></span> 
     </span>
     <span class='ocr_line' id='line_1_25' title="bbox 74 1950 1750 2000; baseline 0.001 -2"><span class='ocrx_word' id='word_1_190' title='bbox 74 1951 262 1999; x_wconf 89' lang='lat' dir='ltr'><strong>moenia</strong></span> <span class='ocrx_word' id='word_1_191' title='bbox 291 1965 382 1998; x_wconf 90' lang='lat' dir='ltr'><strong>non</strong></span> <span class='ocrx_word' id='word_1_192' title='bbox 411 1966 528 1999; x_wconf 87' lang='lat' dir='ltr'><strong>saxo</strong></span> <span class='ocrx_word' id='word_1_193' title='bbox 558 1950 644 1999; x_wconf 91' lang='lat' dir='ltr'><strong>sed</strong></span> <span class='ocrx_word' id='word_1_194' title='bbox 674 1950 881 1999; x_wconf 86' lang='lat' dir='ltr'><strong>cratibus</strong></span> <span class='ocrx_word' id='word_1_195' title='bbox 911 1959 958 1999; x_wconf 89' lang='lat' dir='ltr'><strong>et</strong></span> <span class='ocrx_word' id='word_1_196' title='bbox 984 1954 1205 2000; x_wconf 87' lang='lat' dir='ltr'><strong>vimentis</strong></span> <span class='ocrx_word' id='word_1_197' title='bbox 1232 1967 1290 2000; x_wconf 90' lang='lat' dir='ltr'><strong>ac</strong></span> <span class='ocrx_word' id='word_1_198' title='bbox 1316 1952 1470 2000; x_wconf 88' lang='lat' dir='ltr'><strong>media</strong></span> <span class='ocrx_word' id='word_1_199' title='bbox 1499 1951 1641 2000; x_wconf 90' lang='lat' dir='ltr'><strong>humo</strong></span> <span class='ocrx_word' id='word_1_200' title='bbox 1671 1952 1750 2000; x_wconf 91' lang='lat' dir='ltr'><strong>ad-</strong></span> 
     </span>
     <span class='ocr_line' id='line_1_26' title="bbox 75 2020 1750 2085; baseline 0 -17"><span class='ocrx_word' id='word_1_201' title='bbox 75 2035 265 2068; x_wconf 84' lang='lat' dir='ltr'><strong>versum</strong></span> <span class='ocrx_word' id='word_1_202' title='bbox 295 2022 617 2085; x_wconf 85' lang='lat' dir='ltr'><strong>inrumpentes</strong></span> <span class='ocrx_word' id='word_1_203' title='bbox 646 2020 851 2069; x_wconf 87' lang='lat' dir='ltr'><strong>invalida</strong></span> <span class='ocrx_word' id='word_1_204' title='bbox 882 2028 1044 2078; x_wconf 79' lang='lat' dir='ltr'><strong>erant3</strong></span> <span class='ocrx_word' id='word_1_205' title='bbox 1083 2021 1383 2085; x_wconf 86' lang='lat' dir='ltr'><strong>eductaeque</strong></span> <span class='ocrx_word' id='word_1_206' title='bbox 1425 2022 1566 2069; x_wconf 91' lang='lat' dir='ltr'><strong>altius</strong></span> <span class='ocrx_word' id='word_1_207' title='bbox 1593 2029 1750 2070; x_wconf 88' lang='lat' dir='ltr'><strong>turres</strong></span> 
     </span>
    </p>
   </div>
   <div class='ocr_carea' id='block_1_3' title="bbox 0 2089 1808 2154">
    <p class='ocr_par' dir='ltr' id='par_1_5' title="bbox 0 2089 1808 2154">
     <span class='ocr_line' id='line_1_27' title="bbox 0 2089 1808 2154; baseline 0.002 -15"><span class='ocrx_word' id='word_1_208' title='bbox 0 2125 18 2152; x_wconf 80' lang='lat'><strong>‚·</strong></span> <span class='ocrx_word' id='word_1_209' title='bbox 74 2089 261 2139; x_wconf 88' lang='lat' dir='ltr'><strong>facibus</strong></span> <span class='ocrx_word' id='word_1_210' title='bbox 287 2098 430 2154; x_wconf 88' lang='lat' dir='ltr'><strong>atque</strong></span> <span class='ocrx_word' id='word_1_211' title='bbox 459 2090 606 2138; x_wconf 88' lang='lat' dir='ltr'><strong>hastis</strong></span> <span class='ocrx_word' id='word_1_212' title='bbox 634 2089 888 2139; x_wconf 88' lang='lat' dir='ltr'><strong>turbabant</strong></span> <span class='ocrx_word' id='word_1_213' title='bbox 919 2090 1168 2139; x_wconf 89' lang='lat' dir='ltr'><strong>obsessos.</strong></span> <span class='ocrx_word' id='word_1_214' title='bbox 1227 2105 1283 2139; x_wconf 88' lang='lat' dir='ltr'><strong>ac</strong></span> <span class='ocrx_word' id='word_1_215' title='bbox 1310 2092 1355 2139; x_wconf 91' lang='lat' dir='ltr'><strong>ni</strong></span> <span class='ocrx_word' id='word_1_216' title='bbox 1386 2091 1622 2154; x_wconf 91' lang='lat' dir='ltr'><strong>proelium</strong></span> <span class='ocrx_word' id='word_1_217' title='bbox 1652 2106 1750 2140; x_wconf 86' lang='lat' dir='ltr'><strong>nox</strong></span> <span class='ocrx_word' id='word_1_218' title='bbox 1769 2109 1808 2142; x_wconf 90' lang='lat'><strong>10</strong></span> 
     </span>
    </p>
   </div>
   <div class='ocr_carea' id='block_1_4' title="bbox 74 2159 1805 2986">
    <p class='ocr_par' dir='ltr' id='par_1_6' title="bbox 74 2159 1747 2277">
     <span class='ocr_line' id='line_1_28' title="bbox 74 2159 1747 2225; baseline 0 -17"><span class='ocrx_word' id='word_1_219' title='bbox 74 2159 371 2222; x_wconf 86' lang='lat' dir='ltr'><strong>diremisset,</strong></span> <span class='ocrx_word' id='word_1_220' title='bbox 408 2167 582 2223; x_wconf 86' lang='lat' dir='ltr'><strong>coepta</strong></span> <span class='ocrx_word' id='word_1_221' title='bbox 611 2167 894 2224; x_wconf 87' lang='lat' dir='ltr'><strong>patrataque</strong></span> <span class='ocrx_word' id='word_1_222' title='bbox 923 2162 1218 2225; x_wconf 85' lang='lat' dir='ltr'><strong>expugnatio</strong></span> <span class='ocrx_word' id='word_1_223' title='bbox 1249 2160 1451 2208; x_wconf 89' lang='lat' dir='ltr'><strong>eundem</strong></span> <span class='ocrx_word' id='word_1_224' title='bbox 1480 2162 1598 2208; x_wconf 88' lang='lat' dir='ltr'><strong>intra</strong></span> <span class='ocrx_word' id='word_1_225' title='bbox 1626 2160 1747 2208; x_wconf 90' lang='lat' dir='ltr'><strong>diem</strong></span> 
     </span>
     <span class='ocr_line' id='line_1_29' title="bbox 74 2229 218 2277; baseline -0.014 0"><span class='ocrx_word' id='word_1_226' title='bbox 74 2229 218 2277; x_wconf 78' lang='lat' dir='ltr'><strong>foret.</strong></span> 
     </span>
    </p>

    <p class='ocr_par' dir='ltr' id='par_1_7' title="bbox 74 2298 1805 2986">
     <span class='ocr_line' id='line_1_30' title="bbox 186 2298 1748 2363; baseline 0.001 -18"><span class='ocrx_word' id='word_1_227' title='bbox 186 2299 264 2346; x_wconf 91' lang='lat'><strong>17.</strong></span> <span class='ocrx_word' id='word_1_228' title='bbox 300 2298 502 2346; x_wconf 91' lang='lat' dir='ltr'><strong>Postero</strong></span> <span class='ocrx_word' id='word_1_229' title='bbox 549 2299 724 2346; x_wconf 90' lang='lat' dir='ltr'><strong>misere</strong></span> <span class='ocrx_word' id='word_1_230' title='bbox 762 2299 980 2362; x_wconf 87' lang='lat' dir='ltr'><strong>legatos,</strong></span> <span class='ocrx_word' id='word_1_231' title='bbox 1028 2300 1216 2348; x_wconf 90' lang='lat' dir='ltr'><strong>veniam</strong></span> <span class='ocrx_word' id='word_1_232' title='bbox 1255 2299 1420 2347; x_wconf 90' lang='lat' dir='ltr'><strong>liberis</strong></span> <span class='ocrx_word' id='word_1_233' title='bbox 1459 2298 1748 2363; x_wconf 89' lang='lat' dir='ltr'><strong>corporibus</strong></span> 
     </span>
     <span class='ocr_line' id='line_1_31' title="bbox 74 2368 1749 2433; baseline -0.001 -17"><span class='ocrx_word' id='word_1_234' title='bbox 74 2375 296 2416; x_wconf 89' lang='lat' dir='ltr'><strong>orantes:</strong></span> <span class='ocrx_word' id='word_1_235' title='bbox 324 2369 505 2416; x_wconf 88' lang='lat' dir='ltr'><strong>servitii</strong></span> <span class='ocrx_word' id='word_1_236' title='bbox 536 2368 702 2417; x_wconf 91' lang='lat' dir='ltr'><strong>decem</strong></span> <span class='ocrx_word' id='word_1_237' title='bbox 729 2369 855 2417; x_wconf 86' lang='lat' dir='ltr'><strong>milia</strong></span> <span class='ocrx_word' id='word_1_238' title='bbox 886 2368 1169 2418; x_wconf 83' lang='lat' dir='ltr'><strong>offerebant.</strong></span> <span class='ocrx_word' id='word_1_239' title='bbox 1217 2368 1343 2433; x_wconf 91' lang='lat' dir='ltr'><strong>quod</strong></span> <span class='ocrx_word' id='word_1_240' title='bbox 1371 2369 1615 2433; x_wconf 90' lang='lat' dir='ltr'><strong>aspernati</strong></span> <span class='ocrx_word' id='word_1_241' title='bbox 1643 2376 1749 2416; x_wconf 89' lang='lat' dir='ltr'><strong>sunt</strong></span> 
     </span>
     <span class='ocr_line' id='line_1_32' title="bbox 74 2437 1748 2501; baseline -0.001 -16"><span class='ocrx_word' id='word_1_242' title='bbox 74 2439 316 2499; x_wconf 83' lang='lat' dir='ltr'><strong>victores,</strong></span> <span class='ocrx_word' id='word_1_243' title='bbox 346 2438 454 2500; x_wconf 87' lang='lat' dir='ltr'><strong>quia</strong></span> <span class='ocrx_word' id='word_1_244' title='bbox 482 2437 722 2486; x_wconf 88' lang='lat' dir='ltr'><strong>trucidare</strong></span> <span class='ocrx_word' id='word_1_245' title='bbox 748 2438 934 2487; x_wconf 91' lang='lat' dir='ltr'><strong>deditos</strong></span> <span class='ocrx_word' id='word_1_246' title='bbox 964 2454 1176 2501; x_wconf 89' lang='lat' dir='ltr'><strong>saevum,</strong></span> <span class='ocrx_word' id='word_1_247' title='bbox 1206 2447 1377 2487; x_wconf 90' lang='lat' dir='ltr'><strong>tantam</strong></span> <span class='ocrx_word' id='word_1_248' title='bbox 1407 2437 1748 2486; x_wconf 87' lang='lat' dir='ltr'><strong>multitudinem</strong></span> 
     </span>
     <span class='ocr_line' id='line_1_33' title="bbox 77 2506 1747 2572; baseline 0 -18"><span class='ocrx_word' id='word_1_249' title='bbox 77 2507 293 2555; x_wconf 83' lang='lat' dir='ltr'><strong>custodia</strong></span> <span class='ocrx_word' id='word_1_250' title='bbox 323 2507 518 2568; x_wconf 86' lang='lat' dir='ltr'><strong>cingere</strong></span> <span class='ocrx_word' id='word_1_251' title='bbox 546 2507 767 2569; x_wconf 87' lang='lat' dir='ltr'><strong>arduum,</strong></span> <span class='ocrx_word' id='word_1_252' title='bbox 811 2516 860 2556; x_wconf 91' lang='lat' dir='ltr'><strong>ut</strong></span> <span class='ocrx_word' id='word_1_253' title='bbox 890 2508 1005 2557; x_wconf 92' lang='lat' dir='ltr'><strong>belli</strong></span> <span class='ocrx_word' id='word_1_254' title='bbox 1037 2509 1197 2572; x_wconf 88' lang='lat' dir='ltr'><strong>potius</strong></span> <span class='ocrx_word' id='word_1_255' title='bbox 1234 2510 1336 2556; x_wconf 91' lang='lat' dir='ltr'><strong>iure</strong></span> <span class='ocrx_word' id='word_1_256' title='bbox 1378 2507 1630 2562; x_wconf 89' lang='lat' dir='ltr'><strong>caderent;</strong></span> <span class='ocrx_word' id='word_1_257' title='bbox 1670 2506 1747 2554; x_wconf 92' lang='lat' dir='ltr'><strong>da-</strong></span> 
     </span>
     <span class='ocr_line' id='line_1_34' title="bbox 75 2575 1788 2640; baseline -0.001 -17"><span class='ocrx_word' id='word_1_258' title='bbox 75 2583 268 2639; x_wconf 85' lang='lat' dir='ltr'><strong>tumque</strong></span> <span class='ocrx_word' id='word_1_259' title='bbox 297 2575 547 2638; x_wconf 88' lang='lat' dir='ltr'><strong>militibus,</strong></span> <span class='ocrx_word' id='word_1_260' title='bbox 580 2577 656 2639; x_wconf 89' lang='lat' dir='ltr'><strong>qui</strong></span> <span class='ocrx_word' id='word_1_261' title='bbox 683 2578 827 2626; x_wconf 89' lang='lat' dir='ltr'><strong>scalis</strong></span> <span class='ocrx_word' id='word_1_262' title='bbox 859 2586 1137 2640; x_wconf 85' lang='lat' dir='ltr'><strong>evaserant,</strong></span> <span class='ocrx_word' id='word_1_263' title='bbox 1166 2579 1352 2639; x_wconf 88' lang='lat' dir='ltr'><strong>signum</strong></span> <span class='ocrx_word' id='word_1_264' title='bbox 1381 2577 1559 2625; x_wconf 88' lang='lat' dir='ltr'><strong>caedis.</strong></span> <span class='ocrx_word' id='word_1_265' title='bbox 1615 2576 1742 2623; x_wconf 89' lang='lat' dir='ltr'><strong>exci·</strong></span> <span class='ocrx_word' id='word_1_266' title='bbox 1768 2590 1788 2622; x_wconf 85' lang='lat'><strong>5</strong></span> 
     </span>
     <span class='ocr_line' id='line_1_35' title="bbox 77 2645 1749 2713; baseline -0.001 -21"><span class='ocrx_word' id='word_1_267' title='bbox 77 2645 153 2692; x_wconf 93' lang='lat' dir='ltr'><strong>dio</strong></span> <span class='ocrx_word' id='word_1_268' title='bbox 179 2646 471 2709; x_wconf 90' lang='lat' dir='ltr'><strong>Uspensium</strong></span> <span class='ocrx_word' id='word_1_269' title='bbox 498 2652 650 2693; x_wconf 90' lang='lat' dir='ltr'><strong>metus</strong></span> <span class='ocrx_word' id='word_1_270' title='bbox 681 2649 858 2694; x_wconf 88' lang='lat' dir='ltr'><strong>ceteris</strong></span> <span class='ocrx_word' id='word_1_271' title='bbox 888 2648 1115 2708; x_wconf 89' lang='lat' dir='ltr'><strong>iniectus,</strong></span> <span class='ocrx_word' id='word_1_272' title='bbox 1144 2647 1257 2694; x_wconf 88' lang='lat' dir='ltr'><strong>nihil</strong></span> <span class='ocrx_word' id='word_1_273' title='bbox 1289 2654 1436 2693; x_wconf 86' lang='lat' dir='ltr'><strong>tutum</strong></span> <span class='ocrx_word' id='word_1_274' title='bbox 1464 2645 1608 2713; x_wconf 80' lang='lat' dir='ltr'><strong>ratiS,</strong></span> <span class='ocrx_word' id='word_1_275' title='bbox 1644 2659 1749 2692; x_wconf 92' lang='lat' dir='ltr'><strong>cum</strong></span> 
     </span>
     <span class='ocr_line' id='line_1_36' title="bbox 78 2715 1750 2778; baseline -0.001 -16"><span class='ocrx_word' id='word_1_276' title='bbox 78 2730 231 2776; x_wconf 90' lang='lat' dir='ltr'><strong>arma,</strong></span> <span class='ocrx_word' id='word_1_277' title='bbox 269 2716 577 2777; x_wconf 89' lang='lat' dir='ltr'><strong>munimenta,</strong></span> <span class='ocrx_word' id='word_1_278' title='bbox 619 2715 831 2778; x_wconf 90' lang='lat' dir='ltr'><strong>impediti</strong></span> <span class='ocrx_word' id='word_1_279' title='bbox 861 2716 939 2763; x_wconf 89' lang='lat' dir='ltr'><strong>vel</strong></span> <span class='ocrx_word' id='word_1_280' title='bbox 977 2717 1238 2763; x_wconf 86' lang='lat' dir='ltr'><strong>eminentes</strong></span> <span class='ocrx_word' id='word_1_281' title='bbox 1276 2715 1371 2763; x_wconf 88' lang='lat' dir='ltr'><strong>loci</strong></span> <span class='ocrx_word' id='word_1_282' title='bbox 1411 2729 1669 2778; x_wconf 88' lang='lat' dir='ltr'><strong>amnesque</strong></span> <span class='ocrx_word' id='word_1_283' title='bbox 1704 2720 1750 2761; x_wconf 91' lang='lat' dir='ltr'><strong>et</strong></span> 
     </span>
     <span class='ocr_line' id='line_1_37' title="bbox 77 2782 1747 2848; baseline 0.001 -18"><span class='ocrx_word' id='word_1_284' title='bbox 77 2782 222 2832; x_wconf 88' lang='lat' dir='ltr'><strong>urbes</strong></span> <span class='ocrx_word' id='word_1_285' title='bbox 258 2785 383 2832; x_wconf 88' lang='lat' dir='ltr'><strong>iuxta</strong></span> <span class='ocrx_word' id='word_1_286' title='bbox 427 2792 868 2848; x_wconf 87' lang='lat' dir='ltr'><strong>perrumperentur.</strong></span> <span class='ocrx_word' id='word_1_287' title='bbox 926 2786 1068 2847; x_wconf 88' lang='lat' dir='ltr'><strong>igitur</strong></span> <span class='ocrx_word' id='word_1_288' title='bbox 1100 2784 1355 2845; x_wconf 86' lang='lat' dir='ltr'><strong>Zorsines,</strong></span> <span class='ocrx_word' id='word_1_289' title='bbox 1396 2784 1471 2831; x_wconf 90' lang='lat' dir='ltr'><strong>diu</strong></span> <span class='ocrx_word' id='word_1_290' title='bbox 1509 2784 1747 2847; x_wconf 89' lang='lat' dir='ltr'><strong>pensitato</strong></span> 
     </span>
     <span class='ocr_line' id='line_1_38' title="bbox 77 2851 1745 2917; baseline 0.001 -17"><span class='ocrx_word' id='word_1_291' title='bbox 77 2851 420 2901; x_wconf 89' lang='lat' dir='ltr'><strong>Mithridatisne</strong></span> <span class='ocrx_word' id='word_1_292' title='bbox 472 2853 618 2901; x_wconf 91' lang='lat' dir='ltr'><strong>rebus</strong></span> <span class='ocrx_word' id='word_1_293' title='bbox 676 2855 902 2902; x_wconf 87' lang='lat' dir='ltr'><strong>extremis</strong></span> <span class='ocrx_word' id='word_1_294' title='bbox 951 2869 1008 2901; x_wconf 90' lang='lat' dir='ltr'><strong>an</strong></span> <span class='ocrx_word' id='word_1_295' title='bbox 1056 2855 1209 2917; x_wconf 86' lang='lat' dir='ltr'><strong>patrio</strong></span> <span class='ocrx_word' id='word_1_296' title='bbox 1254 2868 1407 2915; x_wconf 86' lang='lat' dir='ltr'><strong>regno</strong></span> <span class='ocrx_word' id='word_1_297' title='bbox 1456 2853 1745 2915; x_wconf 87' lang='lat' dir='ltr'><strong>consuleret,</strong></span> 
     </span>
     <span class='ocr_line' id='line_1_39' title="bbox 80 2922 1805 2986; baseline 0.004 -18"><span class='ocrx_word' id='word_1_298' title='bbox 80 2929 331 2985; x_wconf 86' lang='lat' dir='ltr'><strong>postquam</strong></span> <span class='ocrx_word' id='word_1_299' title='bbox 359 2923 626 2986; x_wconf 87' lang='lat' dir='ltr'><strong>praevaluit</strong></span> <span class='ocrx_word' id='word_1_300' title='bbox 653 2923 846 2984; x_wconf 87' lang='lat' dir='ltr'><strong>gentilis</strong></span> <span class='ocrx_word' id='word_1_301' title='bbox 875 2923 1066 2985; x_wconf 83' lang='lat' dir='ltr'><strong>utilitas,</strong></span> <span class='ocrx_word' id='word_1_302' title='bbox 1096 2923 1215 2971; x_wconf 88' lang='lat' dir='ltr'><strong>datis</strong></span> <span class='ocrx_word' id='word_1_303' title='bbox 1250 2922 1496 2971; x_wconf 89' lang='lat' dir='ltr'><strong>obsidibus</strong></span> <span class='ocrx_word' id='word_1_304' title='bbox 1527 2923 1650 2986; x_wconf 89' lang='lat' dir='ltr'><strong>apud</strong></span> <span class='ocrx_word' id='word_1_305' title='bbox 1678 2923 1743 2970; x_wconf 80' lang='lat' dir='ltr'><strong>ef·</strong></span> <span class='ocrx_word' id='word_1_306' title='bbox 1766 2941 1805 2974; x_wconf 78' lang='grc' dir='ltr'><strong>ιο</strong></span> 
     </span>
    </p>
   </div>
   <div class='ocr_carea' id='block_1_5' title="bbox 185 3146 209 3164">
    <p class='ocr_par' dir='ltr' id='par_1_8' title="bbox 185 3146 209 3164">
     <span class='ocr_line' id='line_1_40' title="bbox 185 3146 209 3164; baseline 0 0"><span class='ocrx_word' id='word_1_307' title='bbox 185 3146 209 3164; x_wconf 52' lang='grc' dir='ltr'>ὑ</span> 
     </span>
    </p>
   </div>
  </div>
 </body>
</html>
