1976 3224
557 239 730 276 LIBER
768 240 871 277 ΧΠ.
913 239 1038 278 CAP.
1065 239 1287 281 40—44.
1658 229 1759 282 213

94 367 437 432 praetoriarum
482 366 750 415 cohortium
788 382 901 416 cura
939 368 1309 417 exsolverentur
1345 369 1514 417 Lusius
1555 368 1672 418 Geta
1715 375 1764 418 et

90 437 284 486 Rufrius
313 435 590 500 CrispinuS,
631 451 752 500 quos
780 436 1072 486 Messalinae
1098 452 1340 486 memores
1372 446 1420 486 et
1457 438 1622 486 liberis
1657 440 1761 487 eius

91 507 341 555 devinctos
373 505 619 555 credebat.
674 507 818 569 igitur
853 506 1050 556 distrahi
1090 507 1319 557 cohortes
1353 507 1527 557 ambitu
1563 507 1762 557 duorum

92 583 156 638 et,
188 577 232 624 si·
253 575 318 640 ab
336 590 430 624 uno
457 583 764 639 regerentur,
802 577 1105 626 intentiorem
1140 578 1248 631 fore
1284 578 1587 642 disciplinam
1618 577 1756 627 adse·
1780 592 1802 625 6

89 653 289 696 vetante
323 661 503 707 uxore,
560 645 843 694 transfertur
887 647 1104 710 regimen
1149 647 1416 696 cohortium
1461 647 1521 696 ad-
1561 647 1763 696 Burrum

89 715 361 778 Afranium,
405 716 639 778 egregiae
682 715 900 765 militaris
939 717 1119 780 famae,
1173 732 1375 780 gnarum
1420 725 1578 765 tamen
1628 718 1763 766 cuius

90 792 264 849 sponte
299 785 661 850 praeficeretur.
714 801 848 834 suum
874 801 1067 851 quoque
1103 787 1345 850 fastigium
1378 787 1652 851 Agrippina
1680 802 1761 835 ex·

91 854 266 904 tollere
293 855 454 904 altius:
486 862 716 919 carpento
746 854 1032 920 Capitolium
1061 857 1266 920 ingredi,
1297 859 1378 921 qui
1416 857 1572 905 honos
1601 872 1761 905 sacer-

89 923 279 974 dotibus
306 931 352 973 et
379 925 531 973 sacris
562 925 816 989 antiquitus
846 940 1112 975 concessus
1147 928 1511 975 venerationem
1549 926 1761 989 augebat
1781 935 1822 972 w

87 995 313 1058 feminae,
350 1009 490 1060 quam
521 995 816 1059 imperatore
843 997 1077 1059 genitam,
1118 1010 1340 1045 sororem
1367 997 1468 1044 eius
1497 997 1575 1059 qui
1601 1011 1763 1045 rerum

87 1065 266 1130 potitus
304 1066 363 1113 sit
401 1072 448 1114 et
488 1065 745 1128 coniugem
779 1072 828 1114 et
864 1074 1061 1115 matrem
1096 1066 1273 1129 fuisse,
1309 1067 1501 1114 unicum
1539 1065 1597 1114 ad
1635 1066 1763 1114 hunc

88 1134 211 1187 diem
236 1134 508 1198 exemplum
535 1141 624 1183 est.
672 1135 797 1183 inte-r
818 1150 942 1200 quae
973 1137 1264 1201 praecipuus
1292 1142 1631 1201 propugnator
1657 1137 1762 1184 eius

88 1203 338 1266 Vitellius,
380 1199 672 1254 validissima
705 1206 889 1269 gratia,
929 1213 1088 1255 aetate
1118 1213 1333 1255 extrema
1363 1204 1516 1271 (adeo
1542 1207 1761 1254 incertae

89 1280 194 1322 sunt
230 1276 491 1338 potentium
524 1274 632 1337 res)
669 1277 978 1324 accusatione
1006 1276 1294 1340 corripitur,
1334 1274 1591 1324 deferente
1623 1274 1820 1323 Iuni015

86 1343 220 1407 Lupo
257 1351 497 1393 senatore.
559 1345 600 1392 is
639 1345 833 1394 crimina
873 1345 1135 1394 maiestatis
1175 1352 1224 1394 et
1262 1344 1536 1410 cupidinem
1572 1345 1763 1409 imperii

90 1412 387 1470 obiectabat;
437 1413 838 1479 praebuissetque
883 1430 1029 1464 aures
1068 1413 1280 1479 Caesar,
1325 1415 1417 1462 nisi
1455 1414 1763 1478 Agrippinae

88 1484 223 1531 minis
248 1483 402 1546 magis
437 1499 575 1548 quam
602 1484 830 1548 precibus
849 1492 1053 1536 mutatus
1076 1492 1233 1548 esset,
1261 1492 1311 1533 ut
1335 1484 1609 1533 accusatori
1639 1497 1763 1547 aqua

88 1559 229 1617 atque
254 1554 354 1616 igni
379 1553 705 1602 interdiceret.
753 1554 986 1604 hactenus
1011 1554 1238 1609 Vitellius
1264 1554 1503 1603 voluerat.

192 1621 276 1671 43.
307 1622 455 1672 Multa
484 1638 544 1673 eo
572 1637 694 1673 anno
723 1625 946 1688 prodigia
973 1640 1201 1674 evenere.
1253 1625 1493 1672 insessum
1520 1622 1634 1671 diris
1663 1621 1760 1671 avi-

87 1692 175 1741 bus
205 1690 520 1756 Capitolium,
558 1693 743 1742 crebris
781 1701 942 1744 terrae
968 1694 1176 1744 motibus
1203 1701 1436 1758 prorutae
1463 1692 1661 1755 domuS,
1705 1705 1765 1742 ac

89 1762 195 1811 dum
220 1762 362 1811 latius
387 1765 632 1826 metuitur,
664 1764 986 1828 trepidatione
1012 1764 1146 1827 vulgi
1172 1763 1410 1813 invalidus
1444 1764 1646 1827 quisque
1675 1760 1761 1809 ob-

87 1833 209 1886 triti;
244 1831 433 1895 frugum
473 1847 666 1896 quoque
704 1842 901 1896 egestas
941 1842 990 1883 et
1024 1842 1129 1884 orta
1155 1849 1218 1882 ex
1253 1849 1315 1883 eo
1343 1833 1496 1882 fames
1520 1832 1568 1880 in
1599 1830 1760 1896 prodi-

88 1902 217 1963 gium
262 1901 603 1965 accipiebatur.
660 1918 753 1951 nec
797 1903 976 1952 occulti
1016 1911 1196 1952 tantum
1241 1910 1465 1966 questuS,
1511 1901 1612 1962 ‘sed
1658 1903 1800 1950 iuras

89 1968 368 2019 reddentem
399 1969 646 2020 Claudium
681 1973 1036 2022 circumvasere
1064 1972 1355 2021 clamoribus
1384 1971 1615 2033 turbidis,
1657 1970 1762 2034 pul·

88 2053 286 2103 sumque
311 2041 359 2088 in
386 2048 646 2090 extremam
677 2041 767 2089 fori
791 2050 976 2106 partem
995 2043 1042 2090 vi
1069 2041 1356 2105 urguebant,
1384 2041 1543 2090 donec
1564 2040 1764 2088 militum

88 2108 238 2173 globo
275 2109 491 2159 infensos
539 2112 770 2175 perrupit.
825 2111 1095 2176 quindecim
1142 2111 1324 2160 dierum
1370 2110 1592 2160 alimenta
1637 2108 1760 2172 urbi,

88 2193 184 2227 non
211 2179 430 2243 ampliuS,
464 2180 762 2245 superfuisse
793 2182 1027 2244 constitit,
1063 2195 1338 2244 magnaque
1364 2179 1503 2228 deum
1540 2180 1760 2242 benigni-

87 2255 184 2296 tate
221 2255 270 2296 et
307 2249 540 2299 modestia
579 2250 750 2299 hiemis
782 2250 929 2299 rebus
959 2252 1189 2299 extremis
1225 2250 1526 2299 subventum.
1578 2256 1627 2298 at
1652 2249 1759 2297 her·
1780 2259 1822 2295 10

91 2317 197 2366 cule
247 2317 359 2366 olim
400 2318 536 2368 Italia
579 2319 854 2383 legionibus
890 2320 1182 2384 longinquas
1230 2321 1276 2368 in
1313 2319 1592 2385 provincias
1634 2332 1760 2367 com-

87 2394 270 2436 meatus
296 2388 536 2452 portabat,
569 2405 660 2438 nec
686 2405 811 2438 nunc
837 2389 1178 2439 infecunditate
1203 2389 1467 2438 laboratur.
1526 2389 1612 2437 sed
1633 2388 1760 2436 Afri-

90 2471 193 2506 cam
226 2459 385 2521 potius
411 2465 459 2506 et
496 2458 772 2523 Aegyptum
803 2475 1113 2522 exercemus,
1153 2458 1453 2522 navibusque
1491 2465 1539 2506 et
1570 2456 1760 2507 casibus

88 2527 184 2575 vita
216 2526 383 2590 populi
411 2527 608 2577 Romani
638 2530 869 2592 permissa
899 2537 988 2578 est.

191 2596 275 2646 44.
330 2596 513 2645 Eodem
567 2612 689 2646 anno
748 2597 924 2647 bellum
982 2600 1105 2647 inter
1151 2597 1412 2646 Armenios
1454 2596 1760 2659 Hiberosque

92 2673 308 2714 exortum
332 2665 519 2714 Parthis
548 2681 739 2731 quoque
768 2681 824 2715 ac
857 2669 1087 2717 Romanis
1115 2668 1522 2728 gravissimorum·
1546 2667 1671 2713 inter
1707 2679 1760 2712 se

89 2741 294 2783 motuum
323 2750 466 2784 causa
490 2737 592 2784 fuit.
646 2738 778 2798 genti
807 2735 1085 2785 Parthorum
1113 2735 1398 2797 Vologeses
1438 2733 1758 2799 imperitabat,

91 2811 300 2853 materna
326 2806 513 2867 origine
541 2821 603 2854 ex
628 2804 815 2868 paelice
845 2805 1043 2868 Graeca,
1072 2820 1310 2853 concessu
1338 2804 1534 2853 fratrum
1558 2818 1759 2866 regnum

94 2871 317 2936 adeptus;
358 2874 565 2925 Hiberos
603 2874 946 2924 Pharasmanes
983 2881 1170 2923 vetusta
1206 2875 1550 2938 possessione,
1590 2872 1798 2921 Arme-5

92 2940 197 2989 nios
238 2941 386 2992 frater
431 2946 533 2993 eius
575 2943 872 2993 Mithridates
912 2943 1161 3009 optinebat
1199 2943 1373 3008 opibus
1417 2945 1610 2992 nostris.
1661 2948 1760 2990 erat
