1976 3224
656 174 830 212 mmm
866 175 960 212 xv.
1001 173 1125 212 CAP.
1165 172 1384 216 41—45.
1758 164 1856 216 301

194 305 313 357 solis
339 309 523 370 vapore
554 308 1001 367 perrumperentur:
1038 310 1085 350 at
1110 317 1233 350 nunc
1266 303 1473 367 patulam
1497 301 1788 351 latitudinem
1813 310 1862 352 et

194 375 322 425 nulla
352 374 515 423 u'm'bra
542 373 1044 434 defensamgraviore
1068 379 1205 420 aestu
1238 372 1515 421 ardescere.

293 442 383 494 214.
440 443 503 492 Et
545 442 669 490 haec
714 440 904 505 quidem
948 441 1162 490 humanis
1210 442 1423 490 consiliis
1470 436 1859 506 providebantur.

191 529 306 564 mox
336 512 491 578 'petita
529 528 556 561 a
591 511 666 560 dis
705 511 894 576 piacula
927 510 1137 574 aditique
1159 511 1387 560 ‘Sibullae
1416 509 1554 574 libri,
1579 527 1658 561 sex
1690 511 1860 577 quibus

193 583 515 649 supplicatum
538 581 764 631 Volcano
795 587 843 628 et
865 579 1036 629 Cereri
1055 580 1494 645 Proserpinaeque,
1521 582 1861 648 acpropitiata

190 654 314 703 Iuno
337 655 440 717 ‘p'e'r
462 653 743 713 matronas,
782 650 981 715 primum
1006 652 1053 698 in
1077 649 1320 714 Capitolio
1337 689 1351 715 ,
1372 651 1561 700 *deinde
1589 650 1715 715 apud
1743 662 1860 716 ‘pro-

191 725 365 772 ximum
392 726 550 783 mare,
582 719 711 768 unde
733 720 903 768 hausta
927 735 1051 784 aqua
1075 720 1304 785 templum
1332 718 1380 769 et
1402 720 1708 788 simulacrum
1731 720 1857 770 >deae
1879 742 1899 774 5

192 796 502 858 perspersum
531 791 629 847 es't;
667 797 716 838 et
731 789 1031 838 *sellisternia
1066 805 1124 839 ac
1150 791 1406 854 pervigilia
1435 789 1752 839 celebravere
1780 785 1860 838 'fe-

188 865 344 911 minae
373 860 544 926 quibus
569 861 724 909 mariti
752 867 902 908 erant.
954 859 1040 907 sed
1070 874 1167 908 non
1197 874 1293 925 ope
1318 860 1544 922 humana,
1586 874 1682 908 non
1715 859 1860 922 largi·

189 931 399 981 tionibus
437 930 672 996 principis
696 935 788 977 'aut
825 927 963 977 deum
997 929 1310 993 placamentis
1346 929 1614 978 decedebat
1648 929 1860 990 infamia,

190 1002 302 1066 quin
341 1002 519 1049 iussum
558 998 831 1048 incendium
873 997 1168 1047 crederetur.
1239 1007 1360 1062 ergo
1400 997 1643 1048 abolendo
1681 998 1862 1047 rumori

186 1070 318 1120 Nero
346 1069 555 1119 subdidit
585 1073 700 1117 reos
723 1068 1162 1133 etquaesitiss'iniis
1194 1070 1367 1133 poenis
1390 1064 1590 1132 adfecit,
1623 1082 1746 1133 quos
1767 1073 1860 1132 'per
1878 1086 1918 1119 ιο

188 1139 372 1203 flagitia
409 1140 594 1188 invisos
628 1136 1133 1200 vulgus‘Christian‘os
1173 1137 1465 1203 appellabat.
1511 1136 1859 1187 au'dtor'nomi-

188 1211 262 1258 nis
291 1212 393 1259 eius
421 1208 639 1258 Christus
667 1206 861 1257 Tiberio
894 1208 1200 1272 imperitante
1229 1213 1319 1272 pe'r
1342 1203 1859 1272 'procuratoremPon-

187 1282 302 1328 tium
322 1279 523 1328 Pilatum
537 1277 785 1342 supplicio
807 1275 1026 1326 adfectus
1046 1285 1173 1334 erat;
1205 1287 1534 1341 repressaque
1555 1278 1609 1325 in·
1622 1286 1859 1342 praesens

188 1348 448 1398 exitiabilis
482 1348 758 1413 superstitio
798 1362 984 1395 rursum
1018 1345 1320 1412 erumpebat,
1358 1359 1456 1395 non
1490 1346 1633 1396 modo
1656 1362 1761 1412 ⁴per
1783 1345 1859 1395 Iu·

189 1418 381 1481 daeam,
409 1419 646 1481 originem
671 1418 774 1471 eius
797 1416 923 1479 mali,
952 1416 1039 1466 sed
1070 1432 1162 1482 per
1188 1415 1538 1481 urbemetiam,
1572 1420 1667 1481 quo
1689 1422 1859 1465 cuncta
1876 1430 1918 1463 15

189 1488 397 1553 undique
424 1489 607 1536 atrocia
635 1494 713 1536 aut
738 1485 959 1551 pudenda
986 1487 1229 1536 confluunt
1256 1485 1675 1551 celebranturque.
1715 1485 1860 1549 igitur

189 1559 390 1623 primum
420 1558 635 1622 correpti
665 1557 745 1621 qui
770 1556 1070 1619 fatebantur,
1096 1556 1282 1605 ‘deinde
1308 1555 1683 1606 indicio'eorum
1704 1554 1858 1606 multi·

186 1628 302 1679 tudo
337 1629 509 1692 ingens
542 1627 667 1676 haud
692 1626 894 1692 perinde
930 1627 977 1676 in
1004 1626 1199 1677 crimine
1234 1627 1610 1692 incendii‘q'uam
1636 1626 1748 1676 odio
1775 1626 1857 1676 hu·
1885 1683 1889 1687 Α

185 1699 310 1750 mani
346 1700 544 1764 generis
583 1699 793 1766 convicti
829 1706 950 1747 sunt.
1005 1706 1052 1747 et
1091 1697 1403 1763 pereuntibus
1432 1695 1597 1747 *addita
1635 1696 1859 1759 ludibria,

167 1769 235 1818 'ut
272 1769 482 1818 ferarum
517 1770 670 1832 tergis
705 1769 916 1817 contecti
943 1767 1121 1817 laniatu
1159 1783 1326 1817 canum
1358 1769 1608 1816 interirent
1640 1774 1722 1815 aut
1751 1780 1855 1815 cru·
1876 1772 1924 1816 20'

190 1839 326 1887 cibus
364 1837 533 1900 adfixi,
572 1845 651 1886 aut
689 1837 981 1898 flammandi,
1034 1843 1178 1902 atque
1210 1837 1292 1886 ubi
1323 1837 1589 1886 defecisset
1631 1836 1761 1899 dies,
1811 1836 1861 1884 in

190 1923 323 1957 usum
359 1907 583 1956 nocturni
611 1906 799 1955 luminis
837 1914 1104 1955 urerentur.
1161 1907 1332 1955 hortos
1352 1921 1476 1956 suos
1502 1905 1858 1971 ei²spect¹aculo

184 1977 318 2027 Nero
347 1976 592 2026 obtulerat
618 1979 666 2024 et
694 1978 914 2024 circense
949 1975 1410 2037 ludicrum‘edebat,
1453 1975 1617 2025 habitu
1643 1976 1858 2039 'aurigae

188 2048 453 2113 permixtus
479 2045 613 2111 plebi
639 2045 718 2094 vel
747 2045 985 2094 curriculo
1012 2045 1257 2095 insistens,
1311 2045 1437 2094 unde
1467 2051 1749 2110 quamquam
1777 2045 1858 2094 ad-

185 2132 357 2166 versus
388 2119 565 2165 'sontes
605 2117 652 2164 et
688 2116 946 2164 novissima
981 2114 1205 2178 exempla
1228 2116 1428 2163 meritos
1459 2115 1703 2163 miseratio
1732 2115 1856 2163 orie·
1873 2128 1916 2161 2⁵

185 2186 349 2249 batur,
375 2189 628 2249 'tamquam
663 2199 760 2234 non
795 2184 997 2233 utilitate
1022 2184 1328 2249 publica‘sed
1354 2185 1401 2232 in
1436 2185 1685 2233 saevitiam
1717 2185 1858 2232 unius

187 2256 567 2305 absumerentur.

284 2319 378 2375 45.
414 2323 607 2373 Interea
637 2322 946 2373 conferendis
977 2323 1195 2389 pecuniis
1222 2329 1500 2390 pervastata
1535 2322 1705 2385 Italia,
1746 2337 1855 2387 pro-

187 2395 378 2443 vinciae
424 2409 627 2443 eversae
674 2394 895 2458 sociique
942 2393 1110 2458 populi
1148 2401 1195 2442 et
1232 2408 1356 2458 quae
1394 2393 1636 2442 civitatum
1671 2391 1857 2441 liberae

188 2472 438 2512 vocantur.
491 2464 636 2528 inque
664 2478 767 2512 eam
796 2462 1023 2527 praedam
1053 2463 1193 2512 etiam
1227 2463 1273 2512 di
1301 2458 1526 2525 cessere,
1562 2461 1783 2527 spoliatis
1810 2463 1857 2509 in

187 2532 306 2582 urbe
346 2532 539 2597 templis
576 2540 846 2598 egestoque
883 2547 1028 2594 auro,
1070 2533 1200 2596 quod
1232 2532 1509 2596 triumphis,
1559 2530 1687 2595 quod
1729 2532 1855 2579 votis

189 2605 342 2652 omnis
371 2602 537 2668 populi
561 2602 763 2651 Romani
792 2610 926 2650 aetas
956 2616 1194 2666 prospere
1224 2610 1301 2650 aut
1330 2603 1378 2649 in
1404 2609 1533 2649 metu
1557 2608 1851 2649 sacraverat.
1876 2621 1896 2652 5

189 2674 435 2721 enimvero
473 2687 563 2736 per
597 2671 761 2720 Asiam
799 2679 941 2735 atque
979 2670 1209 2720 Achaiam
1254 2685 1350 2719 non
1390 2670 1514 2719 dona
1557 2677 1733 2719 tantum
1770 2669 1856 2718 sed

190 2741 441 2791 simulacra
478 2741 715 2789 numinum
753 2739 1139 2805 abripiebantur,
1180 2741 1339 2789 missis
1371 2742 1418 2789 in
1457 2756 1540 2788 eas
1579 2740 1855 2804 provincias

191 2811 370 2860 Acrato
394 2827 450 2860 ac
479 2810 703 2859 Secundo
738 2809 976 2859 Carinate.
1025 2809 1108 2858 ille
1131 2810 1331 2859 libertus
1366 2811 1646 2873 cuicumque
1672 2809 1854 2873 flagitio

190 2889 462 2944 promptuS,
503 2880 578 2928 hic
607 2879 791 2929 Graeca
834 2879 1048 2927 doctrina
1085 2894 1170 2928 ore
1201 2887 1339 2928 tenus
1374 2881 1615 2928 exercitus
1654 2881 1854 2928 animum
