1950 3210
166 213 289 252 XXX
627 211 1081 251 COMMENTARIUS
1120 212 1380 251 ORITICUS
1389 241 1399 251 .

160 334 442 403 pugnaverit
475 343 536 394 0,·
579 346 677 401 ipse
711 344 954 402 aliquando
990 348 1268 389 tentaveram
1312 346 1647 392 adulteraverit
1687 348 1758 392 vel
1783 362 1866 393 ex-

161 413 513 468 adulteraverit,
534 418 582 458 ut
600 413 730 459 Nolte
747 426 923 472 quoque
941 414 1088 468 voluit,
1109 415 1202 459 nisi
1216 415 1347 459 malis
1367 415 1623 473 vitiaverit,
1649 421 1699 462 ut
1715 429 1867 476 nuper

160 484 277 528 coni.
328 482 391 526 H.
428 482 616 541 Wblffel
636 485 684 527 in
713 484 887 528 emend.
915 485 962 527 in
991 482 1101 528 Tae.
1129 483 1279 535 libros,
1309 485 1410 529 coll.
1439 490 1520 542 13,
1546 489 1626 532 42:
1659 499 1866 536 corrum-

158 565 273 611 pere
301 552 514 597 cubicula
538 551 799 611 principum
823 550 1120 613 feminarum)
1155 545 1163 617 Ι
1196 555 1280 599 sed
1306 559 1352 598 et
1372 554 1568 599 scidium
1592 552 1706 616 (sed
1725 555 1865 601 dissi-

158 621 283 667 dium
314 619 475 682 [z'mmo
504 621 690 666 debebat
715 618 990 681 discidium]
1019 618 1086 681 P)
1121 615 1128 686 Ι
1185 629 1211 671 5
1239 623 1435 669 affuisse
1469 617 1475 687 Ι
1510 624 1685 681 forma,
1713 637 1798 669 em.
1827 624 1865 669 L

155 705 195 736 v.
225 695 307 748 12,
333 697 387 738 51

298 757 392 818 29,
430 767 453 807 1
483 760 543 805 mi
577 754 589 824 Ι
618 761 700 806 Gai
732 760 838 805 add.
866 761 940 806 Fa
971 755 979 825 Ι
1011 768 1038 809 5
1069 762 1214 819 ultra,
1242 775 1322 807 em.
1353 762 1428 808 Pu
1459 756 1466 824 Ι
1498 768 1526 811 8
1553 768 1624 808 set
1651 761 1771 808 Hm.-
1798 768 1864 821 ut,

154 830 277 888 quod
300 829 346 874 R
374 830 547 885 delevit,
578 836 624 875 at
647 831 684 874 J
693 830 730 875 G
739 849 754 880 ,·
789 836 839 875 ut
867 831 1017 876 solum
1053 830 1101 877 id
1126 832 1353 890 imputans
1376 832 1451 888 H,
1483 833 1606 891 quod
1627 835 1690 878 ita
1717 833 1861 891 adop-

154 902 263 945 tavit
287 899 382 956 He,
419 904 470 944 at
497 900 659 944 deinde
694 900 904 945 facerent
937 900 1157 945 scriberet
1182 898 1332 960 (quod
1365 915 1467 947 cum
1492 907 1714 961 sequatur
1742 903 1863 961 ipse,

152 971 200 1013 in
234 975 395 1015 nostra
434 982 612 1027 quoque
646 971 884 1027 scriptura
926 969 1295 1028 praeferendum
1333 969 1565 1032 videtur);
1618 971 1863 1018 consilium

154 1038 450 1084 dissimulans
476 1053 533 1083 ne
560 1039 612 1083 N
636 1032 644 1104 Ι
679 1043 733 1086 12
757 1039 987 1098 perculit,
1013 1052 1097 1084 em.
1130 1041 1204 1085 Pu

296 1104 392 1165 30,
431 1114 459 1156 3
493 1108 542 1154 id
576 1109 726 1167 ipsum
750 1107 844 1155 Hm
879 1105 996 1168 (nisi
1020 1111 1152 1154 malis
1179 1110 1226 1155 id
1255 1112 1327 1156 vel
1356 1110 1404 1156 id
1435 1109 1579 1172 iam):
1617 1111 1763 1164 idem;
1797 1117 1862 1170 cf.

151 1177 215 1222 H.
245 1183 299 1236 2,
324 1183 382 1227 80
414 1171 421 1242 Ι
454 1183 481 1226 6
509 1178 552 1222 ei
584 1178 759 1236 Titios,
782 1178 992 1235 Vettios,
1021 1179 1224 1226 Plautios
1259 1181 1469 1226 Brotier:
1506 1182 1551 1226 ei
1579 1180 1646 1225 cis
1674 1180 1861 1226 uetticis

151 1247 331 1305 plautio
364 1245 436 1309 (ei
466 1247 534 1293 cis
564 1247 778 1304 Vettios,
817 1248 885 1292 cis
915 1248 1120 1294 Plautios
1151 1249 1210 1307 G,
1249 1250 1294 1295 ei
1324 1251 1380 1295 de
1403 1250 1571 1296 Vectio
1609 1255 1655 1294 et
1680 1250 1860 1296 Plautio

150 1316 217 1373 P,
239 1317 283 1362 ei
305 1317 490 1363 Vettios
516 1316 721 1362 Plautios
748 1311 818 1376 N)
853 1310 861 1380 Ι
895 1317 1214 1365 dimulauisset
1245 1312 1253 1384 Ι
1284 1323 1311 1368 7
1339 1320 1505 1365 nedum
1533 1320 1715 1365 domum
1741 1319 1858 1364 Hm.

151 1400 209 1431 ne
244 1387 427 1432 domum
454 1383 646 1446 (nedum
674 1386 761 1442 Bi,
789 1400 877 1431 nec
912 1387 1093 1432 domum
1121 1424 1131 1433 .
1155 1423 1164 1433 .
1197 1403 1451 1449 reposcere
1478 1387 1545 1448 A)
1591 1381 1599 1453 Ι
1642 1394 1670 1438 8
1696 1394 1769 1435 set
1793 1390 1861 1433 A.-

152 1462 199 1500 et
225 1454 299 1517 (at
326 1452 417 1515 al.)

291 1523 389 1583 31,
426 1533 450 1574 1
482 1540 708 1585 quemque
743 1527 849 1571 add,
878 1529 925 1571 in
950 1528 1047 1572 cod.
1073 1528 1256 1587 Ayrz’c.,·
1293 1527 1562 1587 potissimos
1589 1528 1695 1586 Mr,
1721 1533 1771 1573 ut
1796 1535 1863 1573 est

152 1601 207 1643 13
224 1629 237 1652 ,
266 1599 321 1644 18
347 1601 389 1640 et
414 1601 497 1654 14,
526 1601 608 1650 65;
634 1596 743 1641 add.
766 1597 1016 1642 amicorum
1035 1597 1279 1657 praecipui
1311 1604 1392 1655 15,
1418 1602 1474 1647 56
1501 1590 1514 1662 Ι
1546 1603 1575 1647 3
1594 1597 1826 1657 inpostum
1850 1591 1857 1657 Ι

151 1665 362 1710 certatim
385 1666 484 1710 Pu.-
513 1666 707 1711 certium
739 1661 746 1730 Ι
780 1671 836 1715 16
864 1667 987 1712 lassa

291 1729 387 1791 32,
416 1740 444 1783 3
470 1735 749 1793 fucilianos,
783 1749 868 1780 em.
897 1736 942 1781 B
974 1729 982 1800 Ι
1014 1743 1040 1786 9
1068 1737 1283 1796 misique,
1309 1749 1392 1782 em.
1411 1736 1533 1786 Hm,·
1558 1736 1621 1795 cf.
1637 1736 1700 1782 H.
1721 1741 1765 1793 4,
1785 1740 1854 1784 21.

151 1803 240 1847 Cic,
281 1803 414 1849 Ver-r.
443 1804 532 1862 IV,
571 1802 622 1863 ὅ.
651 1809 721 1853 66.
745 1802 749 1807 ’
774 1805 874 1850 Val.
903 1804 1039 1850 Max.
1065 1806 1153 1862 lX,
1181 1812 1234 1863 5,
1260 1811 1287 1852 2
1329 1799 1339 1870 Ι
1385 1810 1440 1853 14
1468 1806 1762 1864 excipiuntur
1786 1804 1860 1849 Η.-

151 1872 412 1931 eripiuntur
445 1866 452 1938 Ι
486 1879 550 1922 15‘
569 1875 824 1932 cuiusque,
847 1887 930 1919 em.
963 1874 1038 1919 Pa

290 1939 387 2000 33,
415 1948 443 1990 2
468 1944 641 1989 fidebat
667 1945 727 1988 al.
762 1941 769 2006 Ι
803 1949 829 1992 6
854 1944 1092 1990 revehitur
1122 1943 1181 1990 0.·
1207 1945 1411 1990 refertur
1437 1944 1621 1990 uehitur
1647 1942 1858 2005 (vehitur

148 2007 239 2071 al.)
275 2005 282 2075 Ι
314 2016 340 2061 7
369 2018 415 2057 et
439 2012 505 2058 N.-
531 2013 578 2059 P.
613 2010 619 2068 Ι
651 2019 680 2061 8
710 2014 993 2072 assumitque
1024 2012 1392 2076 (assumiturque
1432 2011 1543 2075 Wr)

291 2078 386 2138 34,
424 2087 453 2131 3
482 2082 744 2141 infantiam,
774 2096 855 2128 em.
882 2077 964 2147 ΝΙ
997 2089 1026 2132 8
1055 2084 1193 2130 etiam
1225 2077 1231 2138 Ι
1265 2090 1291 2133 9
1313 2084 1589 2142 obstrepere
1618 2083 1684 2132 A,-
1714 2081 1776 2140 ef.
1802 2082 1865 2126 W

146 2152 196 2195 in
219 2164 270 2195 n.
297 2165 408 2196 ann.
430 2151 549 2210 phil.
574 2158 618 2198 et
631 2167 684 2210 p.
713 2155 796 2199 vol.
826 2159 908 2211 52,
935 2159 992 2202 30
1023 2169 1030 2217 Ι
1064 2159 1120 2203 13
1148 2154 1258 2213 quid
1288 2146 1460 2198 multa?
1493 2145 1500 2216 Ι
1534 2156 1590 2201 16
1616 2151 1858 2211 respondit

147 2221 208 2265 al.
226 2240 238 2264 .·
272 2221 309 2265 R
338 2234 442 2266 cum
474 2235 593 2267 areu

173 2284 175 2287 ⁴
291 2285 387 2346 35,
425 2297 448 2338 1
484 2293 638 2338 claudi
677 2293 818 2337 iulius
863 2286 869 2355 Ι
913 2299 939 2340 5
980 2293 1148 2338 avitum
1178 2293 1272 2337 Fa.-
1306 2290 1509 2336 habitum
1554 2285 1561 2355 Ι
1607 2295 1662 2339 13
1701 2289 1856 2348 cupidi

147 2373 206 2404 m.
229 2359 361 2405 necis
390 2360 575 2406 fuerunt
593 2361 692 2406 He.-
722 2361 891 2420 cupido
918 2367 1093 2407 mature
1119 2362 1249 2406 necis
1278 2361 1377 2406 fuit.
1407 2365 1453 2405 et
1485 2363 1492 2419 Ι
1526 2367 1581 2409 15
1611 2359 1856 2415 saufelum,

147 2441 231 2474 em.
252 2428 292 2474 L
325 2421 332 2491 Ι
366 2434 421 2477 16
446 2431 566 2476 trahi
594 2431 638 2475 R
671 2424 679 2494 Ι
713 2435 765 2478 17
793 2431 1002 2488 uigilium

291 2494 386 2555 36,
427 2505 482 2546 12
511 2499 702 2545 fastidio
731 2501 791 2544 al.
825 2493 832 2564 Ι
866 2501 1004 2545 suilio
1604 2536 1606 2538 v

291 2563 385 2626 37,
424 2574 449 2615 1
487 2569 749 2626 lucilianis,
786 2581 870 2613 em.
908 2570 1115 2613 Alciatas
1156 2562 1163 2632 Ι
1206 2574 1234 2616 3
1270 2568 1518 2627 superbiae
1543 2559 1748 2626 gerebat
1778 2564 1852 2608 Bz

148 2644 190 2682 et
217 2637 442 2697 Spengel.-
481 2638 702 2697 superbia
733 2640 903 2696 egebat
945 2632 952 2702 Ι
997 2645 1048 2685 11
1078 2639 1270 2684 aderant
1295 2639 1377 2691 aL,
1415 2643 1463 2682 at
1493 2653 1533 2684 v.
1561 2636 1700 2694 Nipp.
1742 2627 1751 2697 Ι
1794 2637 1850 2682 12

150 2713 374 2753 exauctor
407 2700 415 2772 Ι
448 2709 580 2755 datus
607 2710 670 2753 al.
706 2702 714 2771 Ι
745 2714 801 2758 13
824 2722 1048 2767 pgressus
1067 2722 1151 2766 pr.
1177 2722 1236 2751 m.

293 2773 386 2834 38,
423 2783 452 2826 3
476 2778 760 2836 transfigitur
789 2779 849 2822 al.
885 2772 892 2841 Ι
926 2785 978 2826 11
1008 2777 1200 2823 fastidio
1227 2778 1297 2822 vel
1326 2776 1525 2822 fastidiis
1550 2776 1598 2820 Ε
1625 2768 1634 2834 Ι
1667 2778 1723 2821 12
1746 2777 1852 2817 ante

148 2846 344 2892 honesta
373 2848 595 2904 quaedam
622 2849 830 2893 videntur
855 2849 1009 2893 deesse
1040 2841 1049 2908 Ι
1082 2853 1137 2896 13
1165 2846 1367 2892 tristitiis
1393 2845 1544 2890 multis
1570 2844 1654 2888 del.
1678 2842 1745 2900 N,
1773 2842 1854 2900 qui

150 2919 281 2960 acute
315 2917 504 2961 coniecit
540 2916 654 2962 haec
690 2917 828 2963 verba
863 2918 927 2961 ad
958 2917 1331 2974 subscriptionem
1365 2915 1469 2959 libri
1502 2915 1761 2972 pertinere,
1801 2914 1853 2954 ut
