1976 3224
607 202 780 239 LIBER
803 202 886 239 111.
921 201 1045 239 CAP.
1072 198 1271 242 16—-20,
1719 187 1786 239 87

123 340 223 396 set,
249 337 511 380 manerent.
566 337 613 377 et
642 328 705 378 Μ.
733 329 956 378 Pisonem
989 330 1277 392 ignominiae
1315 329 1493 377 exemit
1522 328 1787 377 concessit·

122 417 214 467 que
245 403 288 450 ei
317 407 516 465 paterna
541 397 685 461 bona,
715 399 830 448 satis
856 398 1035 460 firmuS‚
1064 406 1112 447 ut
1134 413 1283 461 saepe
1305 399 1586 460 memoravi,
1615 397 1784 446 adver·
1811 416 1832 448 ε

122 485 222 519 sum
249 470 500 535 pecuniam
523 476 569 516 et
592 464 687 516 tum
712 467 896 533 pudore
924 468 1177 517 absolutae
1202 467 1460 516 Plancinae
1480 466 1784 531 placabilior.

121 548 264 603 atque
291 539 433 600 idem,
463 553 567 586 cum
591 537 815 585 Valerius
842 535 1131 587 Messalinus
1161 538 1347 599 signum
1374 551 1568 585 aureum
1594 537 1640 583 in
1665 535 1788 585 aede

120 608 286 658 Martis
305 607 504 669 Ultoris,
528 605 737 655 Caecina
760 607 973 655 Severus
993 621 1122 671 aram
1141 606 1336 655 ultionis
1357 605 1655 660 statuendam
1677 619 1788 653 cen·

119 679 346 738 sument,
379 676 637 740 prohibuit,
668 676 729 724 ob
760 683 984 725 externas
1012 691 1070 724 ea
1095 677 1326 724 victorias
1348 677 1528 724 sacrari
1551 675 1788 734 dictitanS,

117 747 381 795 domestica
405 745 530 794 mala
555 746 745 795 tristitia
770 745 1048 809 operienda.
1103 745 1354 794 addiderat
1389 744 1676 793 Messalinus
1711 742 1788 792 Ti·
1809 758 1847 790 10

119 815 258 864 herio
286 823 334 863 et
358 815 608 878 Augustae
654 822 702 863 et
734 814 974 863 Antoniae
1010 822 1058 863 et
1089 813 1391 878 Agrippinae
1425 813 1684 878 Drusoque
1726 811 1789 860 ob

117 885 371 933 vindictam
393 884 660 934 Germanici
680 891 843 947 grates
870 884 1084 947 agendas
1106 884 1431 947 omiseratque
1454 880 1640 932 Claudii
1661 897 1790 931 men-

116 956 310 1005 tionem.
360 961 407 1003 et
445 953 753 1002 Messalinum
790 954 982 1018 quidem
1024 952 1075 1001 L.
1121 952 1372 1016 Asprenas
1417 960 1586 1001 senatu
1631 967 1792 1000 coram

116 1031 429 1088 percontatus
456 1031 531 1071 est
554 1038 613 1071 an
640 1023 850 1087 prudens
884 1022 1226 1088 praeterisset;
1267 1037 1324 1071 ac
1350 1029 1447 1070 tum
1483 1023 1669 1071 demum
1705 1035 1790 1069 no-

115 1108 224 1141 men
260 1091 447 1142 Claudii
482 1093 775 1156 adscriptum
816 1101 905 1141 est.
954 1092 1093 1153 mihi,
1136 1098 1312 1156 quanto
1349 1091 1488 1155 plura
1525 1091 1791 1140 recentium
1810 1106 1849 1138 15

117 1165 204 1211 seu
230 1170 448 1211 veterum
472 1162 703 1223 revoIvn,
734 1170 863 1210 tanto
892 1163 1046 1225 magis
1084 1160 1290 1209 ludibria
1324 1176 1483 1209 rerum
1520 1161 1792 1210 mortalium

117 1233 300 1280 cunctis
329 1233 377 1279 in
402 1231 611 1294 negotiis
637 1231 973 1280 obversantur.
1019 1232 1199 1294 quippe
1220 1231 1343 1279 fama
1366 1245 1453 1294 spe
1474 1232 1790 1280 veneratione

116 1301 278 1364 potius
305 1315 471 1349 omnes
503 1300 862 1350 destinabantur
888 1302 1089 1365 imperio
1113 1314 1253 1363 quam
1277 1315 1416 1364 quem
1436 1300 1642 1349 futurum
1662 1301 1789 1365 prin-

119 1371 487 1434 cipem-fortuna
513 1371 559 1418 in
583 1371 777 1419 occulto
808 1371 1018 1419 tenebat.

224 1438 302 1488 19.
336 1439 506 1488 Paucis
533 1448 646 1504 post
672 1440 840 1488 diebus
869 1438 1053 1488 Caesar
1079 1447 1250 1487 auctor
1270 1440 1456 1487 senatui
1484 1440 1572 1487 fuit
1587 1437 1790 1487 Vitellio

116 1516 257 1572 atque
285 1508 496 1558 Veranio
531 1519 579 1558 et
602 1511 820 1558 Servaeo
850 1509 1124 1558 sacerdotia
1151 1508 1417 1557 tribuendi:
1447 1507 1665 1556 Fulcinio
1693 1507 1790 1555 suf-

114 1578 318 1640 fragium
355 1579 415 1628 ad
442 1580 654 1628 honores
679 1579 926 1643 pollicitus
952 1578 1132 1626 monuit
1158 1593 1218 1626 ne
1257 1578 1526 1627 facundiam
1560 1577 1792 1625 violentia

116 1649 476 1711 praecipitaret.
527 1650 568 1696 is
599 1649 703 1696 finis
725 1650 811 1697 fuit
829 1648 883 1698 in
903 1647 1181 1696 ulciscenda
1206 1646 1474 1696 Germanici
1498 1655 1672 1708 morte,
1694 1660 1791 1694 non

115 1716 254 1765 modo
283 1717 408 1780 apud
434 1718 545 1767 illos
573 1719 791 1767 homines
819 1719 899 1782 qui
927 1725 1022 1766 tum
1048 1717 1273 1782 agebant,
1301 1718 1442 1766 etiam
1467 1717 1647 1765 secutis
1670 1724 1789 1764 tem·
1813 1740 1832 1771 5

117 1786 313 1849 poribus
338 1789 471 1836 vario
506 1803 697 1836 rumore
729 1789 917 1837 iactata.
981 1788 1106 1836 adeo
1142 1789 1345 1836 maxima
1385 1801 1608 1851 quaeque
1643 1785 1788 1834 ambi-

113 1869 207 1916 gua
234 1863 369 1918 sunt,
396 1857 504 1905 dum
531 1857 609 1904 alii
639 1871 831 1921 quoquo
859 1857 1003 1905 modo
1033 1856 1188 1904 audita
1209 1871 1298 1920 pro
1324 1858 1571 1920 conpertis
1592 1855 1787 1916 habent,

114 1923 192 1971 alii
220 1939 336 1973 vera
362 1925 408 1972 in
435 1928 721 1974 contrarium
750 1934 970 1987 vertunt,
1014 1933 1062 1973 et
1087 1926 1249 1988 gliscit
1289 1933 1544 1990 utrumque
1580 1925 1787 1989 posteri-

113 2000 227 2041 tate.
290 1999 337 2042 at
372 1994 558 2043 Drusus
591 1995 712 2043 urbe
751 2010 981 2058 egressus
1021 1995 1302 2058 repetendis
1364 1996 1624 2058 auspiciis,
1676 2008 1789 2041 mox

115 2076 264 2110 ovans
290 2064 486 2112 introiit.
537 2079 818 2128 paucosque
848 2072 960 2128 post
986 2064 1090 2112 dies
1116 2063 1527 2127 Vipsania-mater
1563 2065 1666 2111 eius
1698 2078 1785 2111 ex·
1805 2081 1846 2114 10

113 2133 278 2194 cessit,
309 2147 400 2181 una
423 2136 627 2182 omnium
656 2133 904 2198 Agrippae
927 2133 1190 2181 liberorum
1209 2135 1308 2182 miti
1330 2132 1477 2181 obitu.
1528 2147 1632 2180 nam
1657 2139 1788 2180 cete-

112 2215 194 2249 ros
219 2202 517 2251 manifestum
545 2203 676 2252 ferro
703 2203 785 2252 vel
814 2202 1046 2251 creditum
1075 2209 1151 2250 est
1186 2217 1377 2251 veneno
1415 2210 1494 2251 aut
1539 2202 1664 2250 fame
1704 2217 1787 2249 ex-

112 2271 305 2321 tinctos.

215 2340 297 2391 20.
334 2341 520 2391 Eodem
548 2357 671 2391 anno
699 2341 995 2402 TacfarinaS‚
1025 2355 1165 2405 quem
1193 2342 1355 2404 priore
1384 2348 1566 2390 aestate
1594 2340 1784 2404 pulsum

112 2423 138 2457 a
170 2407 371 2459 Camillo
399 2414 678 2473 memoravi,
706 2411 885 2460 bellum
912 2412 958 2458 in
979 2410 1145 2459 Africa
1167 2419 1386 2472 renovat,
1415 2411 1553 2473 vagis
1586 2410 1786 2474 primum

115 2479 502 2542 populationibus
528 2488 578 2528 et
604 2481 666 2529 ob
691 2481 1025 2545 pernicitatem
1053 2480 1243 2541 inultm,
1283 2479 1393 2528 dein
1420 2481 1566 2527 vicos
1595 2478 1784 2526 exscin-

113 2546 246 2609 dere5
281 2550 476 2598 trahere
502 2565 681 2612 graves
707 2549 939 2613 praedas;
967 2556 1214 2613 postremo
1242 2549 1367 2598 haud
1391 2548 1562 2612 procul
1590 2547 1787 2609 Pagyda

113 2615 300 2666 flumine
340 2619 591 2667 cohortem
623 2618 883 2668 Romanam
927 2618 1248 2666 circumsedit.
1317 2624 1543 2680 praeerat
1579 2615 1787 2665 castello
1811 2631 1830 2661 5

112 2683 316 2736 Decrius
342 2689 547 2752 impiger
572 2703 736 2750 manu,
774 2688 1019 2736 exercitus
1045 2686 1210 2734 militia
1249 2693 1296 2733 et
1328 2686 1457 2733 illam
1486 2685 1790 2734 obsidionem

113 2752 275 2817 flagitii
296 2765 444 2806 ratus.
489 2759 529 2805 is
552 2758 830 2806 cohortatus
849 2756 1025 2805 milites
1045 2763 1095 2803 ut
1119 2756 1308 2818 copiam
1330 2769 1528 2818 pugnae
1547 2755 1592 2802 in
1616 2762 1787 2818 aperto

113 2822 346 2889 facerent,
377 2828 527 2876 aciem
552 2842 641 2891 pro
669 2827 839 2875 castris
865 2826 1069 2873 instruit.
1136 2825 1387 2887 primoque
1427 2825 1605 2888 impetu
1648 2823 1787 2887 pulsa

113 2892 311 2943 cohorte
349 2904 599 2960 promptus
633 2898 757 2944 inter
798 2895 894 2944 tela
938 2901 1164 2943 occursat
1203 2892 1529 2956 fugientibuS‚
1569 2894 1790 2956 increpat
