1976 3224
213 220 318 274 308
626 229 903 269 CORNELII
929 229 1126 267 TACITI
1153 229 1459 268 ANNAmUM

215 360 402 424 agmina
429 357 551 407 trahi
578 372 636 406 ac
662 356 847 406 foribus
872 357 1119 407 hortorum
1144 357 1384 408 adiacere.
1435 364 1578 422 atque
1612 356 1693 407 ubi
1723 357 1883 408 dicen-

164 433 166 435 ’
216 430 323 479 dam
348 428 407 478 ad
433 441 625 477 causam
650 428 947 491 introissent,
972 443 1074 478 non
1098 435 1291 477 secreta
1315 435 1492 476 tantum
1518 443 1638 492 erga
1665 429 1882 478 coniura-

214 507 316 562 tos,
356 498 444 547 sed
477 497 704 547 fortuitus
732 512 922 562 sermo,
952 497 1095 547 subiti
1125 513 1382 562 occursuS,
1430 498 1471 547 si
1509 498 1802 563 convivium,
1844 499 1885 548 si

213 567 547 634 spectaculum
581 568 720 617 simul
758 568 987 632 inissent,
1030 583 1119 634 pro
1158 568 1353 617 crimine
1389 569 1570 632 accipi,
1607 582 1712 618 cum
1738 583 1886 634 super

155 654 196 687 10
216 638 428 689 Neronis
463 653 520 688 ac
555 638 782 702 Tigellini
818 653 994 688 saevas
1031 639 1426 703 percontationes
1450 637 1658 687 Faenius
1691 652 1885 704 quoque

209 709 363 759 Rufus
399 708 643 758 violenter
679 715 934 772 urgueret,
977 708 1186 757 nondum
1227 707 1286 757 ab
1324 707 1559 757 indicibus
1597 709 1884 772 nominatus,

211 786 261 828 et
302 793 397 844 quo
438 778 582 827 fidem
608 778 832 827 inscitiae
862 785 1072 843 pararet,
1104 785 1245 827 atrox
1271 777 1505 828 adversus
1531 779 1715 828 socios.
1759 778 1886 828 idem

210 849 384 898 Subrio
421 847 576 898 Flavo
614 847 865 897 adsistenti
892 848 1239 913 adnuentique,
1281 862 1341 897 an
1371 850 1497 897 inter
1531 848 1686 913 ipsam
1718 848 1884 912 cogni-

209 920 392 968 tionem
422 918 752 982 destringeret
788 917 998 981 gladium
1025 919 1320 983 caedemque
1356 926 1593 984 patraret,
1629 919 1788 967 renuit
1818 918 1885 967 in-

151 1006 192 1041 15
208 989 459 1054 fregitque
485 989 714 1054 impetum
738 989 831 1038 iam
854 1003 1039 1037 manum
1066 988 1125 1038 ad
1153 988 1374 1054 capulum
1400 989 1675 1037 referentis.

312 1053 402 1110 59.
446 1057 607 1108 Fuere
635 1059 736 1123 ‘qui
786 1058 976 1122 prodita
1029 1059 1386 1121 coniuratione,
1436 1057 1544 1107 dum
1581 1057 1765 1107 auditur
1800 1057 1885 1109 Mi-

206 1128 393 1191 lichuS,
424 1127 533 1177 dum
561 1127 744 1177 dubitat
769 1128 1058 1192 ScaevinuS,
1093 1126 1400 1178 hortarentur
1424 1128 1648 1178 Pisonem
1675 1142 1886 1192 pergere

206 1200 254 1251 in
291 1205 451 1247 castra
493 1205 572 1248 aut
610 1205 767 1246 rostra
807 1197 1075 1247 escendere
1111 1199 1362 1263 studiaque
1398 1197 1596 1247 militum
1635 1205 1684 1247 et
1718 1196 1886 1263 populi

207 1275 465 1334 temptare.
517 1269 556 1316 si
584 1267 836 1316 conatibus
868 1269 969 1316 eius
998 1268 1182 1317 conscii
1201 1268 1602 1332 adgregarentur,
1632 1274 1886 1316 secuturos

167 1357 188 1390 5
210 1339 354 1387 etiam
394 1339 639 1401 integros;
681 1352 999 1402 magnamque
1035 1345 1194 1387 motae
1231 1339 1305 1387 rei
1341 1338 1538 1402 famam,
1578 1352 1701 1402 quae
1739 1337 1885 1402 pluri·

207 1423 333 1457 mum
368 1409 417 1456 in
452 1407 593 1456 novis
633 1407 849 1456 consiliis
877 1407 1076 1457 valeret.
1126 1407 1242 1456 nihil
1278 1408 1531 1457 adversum
1557 1407 1680 1456 haec
1702 1406 1886 1456 Neroni

208 1478 473 1543 provisum.
527 1478 668 1526 etiam
687 1477 844 1527 fortes
866 1479 998 1526 viros
1024 1477 1193 1527 subitis
1219 1479 1410 1542 terreri,
1437 1477 1609 1527 nedum
1639 1477 1724 1526 ille
1749 1491 1884 1526 scae·

206 1551 362 1611 nicuS,
395 1546 640 1611 Tigellino
668 1547 858 1597 scilicet
885 1562 990 1597 cum
1016 1548 1285 1614 paelicibus
1311 1549 1411 1597 suis
1441 1549 1725 1611 comitante,
1756 1561 1886 1596 arma

209 1624 385 1667 contra
406 1619 573 1666 cieret.
622 1617 770 1667 multa
807 1617 1106 1683 experiendo
1142 1618 1369 1681 confieri,
1407 1633 1529 1682 quae
1555 1617 1787 1681 segnibus
1812 1631 1884 1666 ar·

148 1705 190 1739 ιο
208 1687 300 1737 dua
325 1687 594 1743 videantur.
651 1687 828 1736 frustra
856 1687 1095 1736 silentium
1126 1695 1174 1736 et
1203 1687 1344 1737 fidem
1381 1687 1429 1736 in
1466 1693 1537 1736 tot
1577 1687 1886 1736 consciorum

206 1758 375 1807 animis
407 1764 455 1805 et
486 1757 776 1822 corporibus
807 1772 1032 1822 sperare;
1075 1758 1305 1806 cruciatui
1342 1763 1422 1806 aut
1458 1757 1672 1821 praemio
1714 1762 1883 1806 cuncta

205 1828 375 1892 pervia
409 1841 537 1875 esse.
588 1833 819 1875 venturos
848 1827 927 1891 qui
955 1827 1109 1891 ipsum
1136 1841 1328 1892 quoque
1351 1826 1604 1889 vincirent,
1632 1833 1885 1892 postremo

204 1896 402 1960 indigna
428 1910 551 1944 nece
581 1896 861 1945 adficerent.
915 1904 1091 1960 quanto
1131 1895 1415 1946 laudabilius
1450 1896 1738 1962 periturum,
1777 1894 1885 1944 dum

206 1966 516 2031 amplectitur
540 1981 642 2014 rem
667 1965 936 2031 publicam,
965 1965 1073 2015 dum
1100 1966 1276 2016 auxilia
1305 1966 1516 2015 libertati
1542 1966 1752 2015 invocat.
1801 1966 1883 2014 mi-

145 2050 187 2085 15
205 2036 280 2085 les
315 2036 476 2100 potius
504 2035 702 2084 deesset
732 2043 779 2085 et
806 2035 978 2100 plebes
1004 2035 1281 2100 desereret,
1321 2036 1429 2084 dum
1463 2036 1569 2100 ipse
1603 2034 1883 2099 maioribuS,

204 2106 314 2155 dum
342 2107 578 2170 posteriS,
608 2106 647 2154 si
679 2107 775 2155 vita
803 2107 1191 2171 praeriperetur,
1216 2114 1419 2155 mortem
1446 2105 1755 2171 adprobaret.
1815 2107 1884 2154 in-

202 2183 362 2225 motus
390 2174 465 2223 his
492 2182 541 2223 et
567 2175 810 2240 paululum
836 2176 882 2224 in
913 2175 1109 2239 publico
1135 2183 1384 2239 versatuS,
1425 2183 1539 2241 post
1567 2175 1694 2225 domi
1719 2190 1883 2233 secre-

201 2253 305 2309 tus,
345 2247 549 2294 animum
588 2245 842 2294 adversum
883 2261 1104 2301 suprema
1143 2246 1387 2309 firmabat,
1429 2245 1588 2295 donec
1613 2260 1778 2296 manus
1801 2246 1884 2294 mi·

203 2315 338 2363 litum
376 2314 651 2378 adveniret,
703 2329 825 2379 quos
860 2311 993 2364 Nero
1034 2317 1216 2365 tirones
1256 2323 1335 2366 aut
1369 2315 1621 2382 stipendiis
1657 2322 1883 2364 recentes

144 2400 190 2432 πο
211 2383 493 2447 delegerat:
534 2399 643 2433 nam
675 2392 814 2434 vetus
853 2385 990 2434 miles
1028 2385 1280 2435 timebatur
1314 2398 1594 2450 quamquam
1619 2385 1790 2435 favore
1816 2386 1882 2434 in-

203 2454 361 2503 butus.
422 2453 539 2503 obiit
577 2453 792 2519 abruptis
826 2454 1135 2505 brachiorum
1162 2457 1313 2505 venis.
1367 2462 1699 2504 testamentum
1724 2455 1884 2505 foedis

205 2523 439 2574 adversus
476 2522 722 2573 Neronem
758 2523 1108 2574 adulationibus
1150 2527 1300 2575 amori
1346 2526 1512 2575 uxoris
1556 2525 1706 2589 dedit,
1743 2540 1882 2590 quam
1937 2555 1945 2564 ·

207 2594 503 2656 degenerem
542 2601 589 2642 et
623 2594 729 2643 sola
769 2594 992 2659 corporis
1019 2595 1173 2643 forma
1212 2595 1586 2645 commendatam
1622 2596 1758 2643 amici
1785 2610 1880 2644 ma·

206 2664 428 2712 trimonio
459 2663 740 2713 abstulerat.
792 2679 965 2714 nomen
994 2665 1205 2714 mulieris
1235 2665 1371 2715 Atria
1401 2665 1563 2730 Galla,
1609 2665 1758 2730 priori
1782 2680 1878 2714 ma-

147 2750 191 2783 25
209 2734 300 2780 rito
328 2733 566 2782 Domitius
593 2734 746 2783 Silus:
792 2734 872 2783 hic
898 2736 1149 2799 patientia,
1177 2734 1260 2784 illa
1286 2735 1560 2800 inpudicitia
1587 2735 1779 2784 Pisonis
1807 2736 1878 2784 in-

204 2802 395 2852 famiam
424 2818 783 2868 propagavere.

309 2872 391 2922 60.
429 2872 700 2922 Proximam
738 2889 906 2922 necem
932 2874 1103 2923 Plautii
1127 2875 1347 2925 Laterani
1387 2874 1597 2924 consulis
1638 2874 1877 2939 designati

202 2939 335 2988 Nero
370 2941 606 3007 adiungit,
636 2943 757 2992 adeo
788 2958 1027 3009 propere,
1058 2953 1105 2993 ut
1135 2960 1229 2994 non
1260 2944 1514 3009 complecti
1540 2944 1751 3009 liberoS‚
1780 2959 1876 2994 non
1943 2978 1947 2981 Α
