1976 3224
528 200 702 237 LIBER
732 199 856 236 x111.
899 196 1023 236 cAP.
1051 196 1270 239 49—54.
1635 187 1737 238 249

0 375 4 382 „
70 331 268 379 abolitio
315 328 742 392 quadragensimale
785 327 1342 391 quinquagensimaeque
1390 333 1437 374 et
1482 341 1604 390 quae
1647 326 1739 377 alia

69 397 404 450 exactionibus
431 397 623 445 inlicitis
649 398 838 446 nomina
865 396 1108 461 publicani
1136 397 1433 444 invenerant.
1473 403 1737 460 temperata

68 469 192 534 apud
219 467 558 518 transmarinas
585 469 861 531 provincias
894 466 1115 514 frumenti
1153 465 1403 514 subvectio
1441 474 1487 514 et
1526 481 1587 514 ne
1624 481 1733 515 cen·
1755 483 1796 516 10

68 540 200 587 sibus
220 539 574 601 negotiatorum
594 551 744 585 naves
764 535 1154 585 adscriberentur
1179 535 1498 600 tributumque
1526 550 1613 601 pro
1639 535 1735 584 illis
1767 568 1773 569 ff

69 608 335 674 penderent
362 607 680 656 constitutum.

166 677 249 727 52.
285 677 420 726 Reos
459 691 522 724 ex
558 677 809 740 provincia
846 674 1036 735 Africa,
1078 677 1156 738 qui
1198 674 1550 738 proconsulare
1587 676 1735 740 impe-

65 750 183 796 rium
221 745 322 795 illic
356 745 645 809 habuerant,
698 745 961 810 Sulpicium
997 742 1300 793 Camerinum
1338 751 1386 793 et
1419 744 1736 809 Pomponium
1810 755 1813 757 ·

66 816 307 866 Silvanum
343 814 553 864 absolvit
587 814 794 877 Caesar,
836 812 1138 863 Camerinum
1176 814 1409 863 adversus
1435 816 1652 878 privatos
1688 821 1737 863 et

63 899 274 952 paucOS,
312 885 543 934 saevitiae
572 885 726 947 magis
753 899 891 948 quam
917 890 1164 948 captarum
1189 885 1499 948 pecuniarum
1541 884 1736 934 crimina

64 956 345 1006 obicientes.
398 954 640 1003 Silvanum
674 969 845 1018 magna
880 955 954 1002 vis
989 961 1324 1003 accusatorum
1349 955 1731 1003 circumsteterat
1753 973 1774 1006 5

64 1024 398 1091 poscebatque
423 1032 611 1089 tempus
637 1024 996 1073 evocandorum
1021 1023 1233 1073 testium:
1260 1038 1373 1072 reus
1398 1024 1511 1072 ilico
1539 1022 1733 1072 defendi

65 1093 355 1160 postulabat.
408 1093 653 1158 valuitque
689 1096 955 1158 pecuniosa
995 1093 1201 1142 orbitate
1239 1101 1287 1142 et
1326 1101 1553 1158 senecta,
1595 1107 1733 1158 quam

64 1166 182 1214 ultra
217 1166 357 1212 vitam
387 1178 551 1212 eorum
581 1163 826 1228 produxit,
855 1178 1056 1227 quorum
1076 1161 1253 1212 ambitu
1280 1170 1520 1212 evaserat.

167 1235 249 1284 53.
293 1234 496 1295 Quietae
530 1233 590 1282 ad
626 1233 674 1282 id
700 1241 888 1298 tempus
927 1248 1008 1281 res
1047 1234 1095 1280 in
1123 1232 1376 1283 Germania
1409 1233 1625 1296 fuerant,
1664 1234 1733 1281 in-

63 1305 207 1367 genio
235 1303 432 1364 ducum,
470 1303 551 1368 qui
593 1302 892 1368 pervulgatis
925 1302 1147 1368 triumphi
1181 1302 1450 1365 insignibus
1482 1304 1634 1351 maius
1672 1317 1735 1351 ex

65 1388 124 1422 eo
147 1373 296 1421 decus
319 1373 595 1437 sperabant,
625 1374 664 1422 si
687 1387 856 1438 pacem
879 1374 1300 1422 continuavissent.
1350 1372 1576 1421 Paulinus
1595 1371 1733 1421 Pom-

64 1445 201 1507 peius
240 1449 287 1491 et
310 1442 361 1491 L.
392 1443 544 1491 Vetus
582 1458 639 1492 ea
674 1449 961 1508 tempestate
988 1444 1222 1491 exercitui
1251 1449 1524 1506 praeerant.
1575 1456 1636 1490 ne
1665 1448 1733 1490 ta·

62 1527 168 1560 men
211 1527 412 1575 segnem
449 1512 643 1560 militem
683 1513 963 1575 attinerent,
998 1512 1080 1560 ille
1114 1511 1386 1560 inchoatum
1424 1518 1531 1560 ante
1558 1517 1658 1560 tres
1684 1517 1731 1559 et
1754 1522 1775 1555 ⁵

63 1582 316 1644 sexaginta
343 1595 495 1629 annos
522 1596 548 1630 a
576 1581 734 1630 Druso
761 1597 995 1645 aggerem
1017 1581 1291 1630 coercendo
1314 1581 1484 1630 Rheno
1506 1580 1734 1643 absolvit,

62 1652 215 1700 Vetus
250 1650 503 1700 Mosellam
543 1659 687 1715 atque
725 1650 936 1700 Ararim
971 1651 1100 1700 facta
1144 1652 1269 1699 inter
1307 1658 1559 1715 utrumque
1600 1651 1735 1699 fossa

65 1728 324 1770 conectere
371 1720 599 1784 parabat,
639 1728 688 1769 ut
724 1723 898 1784 copiae
940 1737 1028 1785 per
1061 1735 1220 1784 mare,
1266 1720 1374 1770 dein
1413 1720 1650 1769 Rhodano
1687 1726 1735 1768 et

63 1790 218 1838 Arare
247 1789 509 1838 subvectae
535 1805 625 1854 per
645 1805 750 1839 eam
775 1791 975 1853 fossam,
1008 1804 1120 1838 mox
1147 1790 1292 1839 fluvio
1312 1789 1521 1840 Mosella
1545 1792 1592 1838 in
1604 1789 1732 1839 Rhe-

63 1874 197 1920 num,
236 1860 360 1906 exim
397 1857 638 1908 Oceanum
675 1859 1014 1922 decurrerent,
1061 1859 1360 1923 sublatisque
1396 1861 1579 1909 itineris
1612 1859 1793 1908 dissi-10

65 1926 320 1977 cultatibus
346 1927 639 1991 navigabilia
665 1929 789 1977 inter
824 1944 878 1977 se
908 1929 1173 1978 occidentis
1203 1931 1646 1993 septentrionisque
1678 1928 1732 1976 li—

62 2006 168 2046 tora
206 1997 393 2046 fierent.
454 1997 620 2046 invidit
661 1999 798 2062 operi
823 1998 990 2046 Aelius
1020 1997 1223 2046 Gracilis
1254 1998 1484 2062 Belgicae
1522 1999 1732 2060 legatuS,

63 2066 354 2116 deterrendo
381 2068 611 2115 Veterem
643 2082 703 2115 ne
738 2068 964 2130 legiones
999 2067 1186 2115 alienae
1216 2070 1498 2132 provinciae
1533 2068 1733 2117 inferret

63 2135 314 2201 studiaque
355 2136 613 2186 Galliarum
652 2136 946 2200 adfectaret,
980 2136 1343 2186 formidolosum
1377 2139 1423 2187 id
1455 2137 1731 2203 imperatori

63 2206 302 2267 dictitanS,
330 2220 425 2269 quo
448 2206 730 2271 plerumque
756 2205 1069 2272 prohibentur
1095 2216 1294 2256 conatus
1319 2207 1528 2256 honesti.
1749 2220 1789 2252 15

168 2276 251 2324 54.
284 2273 505 2323 Ceterum
529 2277 754 2325 continuo
776 2276 1073 2324 exercituum
1101 2277 1199 2324 otio
1232 2277 1352 2325 fama
1388 2278 1589 2325 incessit
1626 2290 1731 2324 ere-

65 2352 191 2408 ptum
232 2344 303 2392 ius
330 2344 504 2407 legatis
531 2344 735 2394 ducendi
765 2347 811 2393 in
839 2345 1041 2394 hostem.
1091 2360 1250 2409 eoque
1276 2346 1418 2395 Frisii
1440 2347 1732 2395 iuventutem

64 2413 262 2462 saltibus
290 2421 367 2461 aut
393 2414 674 2477 paludibuS,
710 2415 939 2464 inbellem
964 2422 1168 2464 aetatem
1195 2431 1283 2480 per
1309 2416 1444 2465 lacus
1470 2415 1732 2464 admovere

65 2484 201 2546 ripae
239 2496 483 2547 agrosque
521 2499 700 2533 vacuos
739 2493 785 2533 et
821 2486 1017 2533 militum
1057 2487 1161 2533 usui
1198 2488 1445 2549 sepositos
1484 2485 1729 2544 insedere,

63 2559 262 2600 auctore
292 2553 489 2601 Verrito
517 2561 564 2601 et
587 2553 852 2617 Malorige,
889 2557 966 2618 qui
990 2556 1231 2603 nationem
1256 2570 1360 2604 eam
1386 2553 1648 2617 regebant,
1682 2553 1730 2599 in
1750 2564 1771 2596 ⁵

65 2629 284 2684 quantum
312 2621 532 2671 Germani
559 2631 836 2685 regnantur.
890 2626 1079 2687 iamque
1106 2625 1311 2673 fixerant
1335 2624 1519 2686 domoS,
1551 2622 1730 2671 semina

63 2691 188 2738 arvis
227 2691 484 2739 intulerant
520 2698 667 2755 utque
704 2694 906 2756 patrium
944 2692 1099 2740 solum
1137 2693 1460 2754 exercebant,
1506 2708 1610 2741 cum
1633 2690 1730 2739 Du-

66 2757 170 2806 bius
203 2760 403 2823 AvituS,
455 2767 660 2825 accepta
708 2776 733 2809 a
768 2760 966 2810 Paulino
1006 2763 1283 2825 provincia,
1331 2762 1590 2811 minitando
1637 2761 1730 2809 vim

64 2827 348 2892 Romanam,
388 2830 477 2878 nisi
515 2829 835 2878 abscederent
870 2830 1012 2879 Frisii
1050 2839 1245 2879 veteres
1276 2835 1322 2880 in
1360 2832 1504 2881 locos'
1530 2838 1609 2880 aut
1644 2845 1727 2879 no-

68 2911 168 2945 vam
201 2898 363 2947 sedem
390 2914 415 2947 a
446 2899 658 2948 Caesare
692 2901 1017 2964 inpetrarent,
1056 2901 1265 2965 perpulit
1290 2902 1530 2951 Verritum
1557 2908 1604 2950 et
1630 2900 1725 2950 Ma·
1747 2909 1786 2941 1⁰
