1976 3224
221 213 224 215 ’
286 208 387 257 126
717 217 991 256 comnena
1015 216 1208 255 TACITI
1231 218 1539 256 ANNALIUM

389 345 471 395 28.
522 345 680 394 Isdem
734 345 1011 394 consulibus
1060 346 1355 395 miseriarum
1406 361 1462 394 ac
1516 347 1745 396 saevitiae
1794 361 1958 395 exem-

280 417 410 481 plum
439 423 594 478 atrox,
620 431 733 464 reus
760 422 925 479 pater,
962 422 1215 482 accusator
1241 416 1365 464 filius
1403 416 1614 480 (nomen
1649 418 1834 481 utrique
1872 417 1952 465 Vi·

279 486 387 534 bius
423 485 665 548 Serenus)
705 486 751 533 in
787 492 1000 533 senatum
1034 483 1214 532 inducti
1251 492 1384 547 sunt,
1427 484 1486 533 ab
1526 485 1672 534 exilio
1718 493 1952 534 retractus

278 555 554 619 inluvieque
582 570 640 604 ac
676 554 903 619 squalore
943 554 1128 603 obsitus
1164 562 1211 602 et
1245 563 1342 603 tum
1381 561 1550 604 catena
1592 557 1781 603 vinctus
1807 563 1954 619 pater

241 631 448 674 aorante
485 625 608 673 filio:
649 631 964 688 praeparatus
1004 623 1293 673 adulescens
1342 623 1499 672 multis
1542 624 1808 686 munditiiS‚
1856 625 1951 673 ala-

280 696 349 744 cri
375 694 526 756 vultu,
553 701 758 742 structas
780 695 987 758 principi
1011 693 1234 758 insidiaS,
1269 695 1445 742 missos
1473 695 1520 741 in
1555 693 1756 743 Galliam
1793 695 1952 753 conci-

278 772 414 813 tores
426 763 545 812 belli
559 763 704 812 index
719 762 843 811 idem
857 771 904 811 et
917 765 1055 812 testis
1068 762 1275 827 dicebat,
1292 762 1676 828 adnectebatque
1693 763 1951 813 Caecilium

281 833 540 883 Cornutum
570 834 864 898 praetorium
888 834 1235 882 ministravisse
1269 834 1545 897 pecuniam;
1583 835 1662 898 qui
1688 833 1848 882 taedio
1874 849 1951 881 cu·

276 919 452 966 rarum,
484 911 532 952 et
559 905 669 968 quia
695 903 962 967 periculum
990 917 1078 967 pro
1107 904 1255 952 exitio
1282 902 1561 966 habebatur,
1589 911 1793 952 mortem
1819 904 1864 951 in
1899 917 1953 950 se

219 982 261 1015 ¹0
279 974 542 1023 festinavit.
594 981 641 1022 at
677 980 842 1021 contra
875 988 987 1021 reus
1030 972 1145 1021 nihil
1180 973 1386 1022 infracto
1426 974 1582 1021 animo
1626 973 1864 1022 obversus
1906 973 1952 1019 in

276 1044 423 1093 filium
461 1049 660 1108 quatere
699 1043 883 1104 vincla,
919 1057 1100 1091 vocare
1137 1042 1322 1092 ultores
1360 1039 1511 1106 deos,
1550 1051 1601 1092 ut
1635 1042 1725 1091 sibi
1764 1042 1952 1107 quidem

275 1114 534 1163 redderent
562 1112 774 1174 exilium,
799 1111 881 1160 ubi
906 1111 1079 1176 procul
1105 1112 1187 1161 tali
1222 1127 1357 1161 more
1387 1120 1581 1176 ageret,
1623 1113 1766 1162 filium
1797 1121 1951 1161 autem

278 1183 565 1249 quandoque
600 1181 840 1246 supplicia
874 1189 1208 1245 sequerentur.
1273 1181 1689 1246 adseverabatque
1726 1184 1950 1231 innocen-

276 1262 373 1302 tem
402 1251 661 1301 Cornutum
691 1259 738 1300 et
762 1251 888 1301 falso
919 1253 1221 1308 exterritum;
1259 1252 1404 1316 idque
1430 1252 1574 1300 facile
1598 1252 1875 1314 intellectu,
1913 1253 1950 1298 si

221 1343 262 1374 15
280 1322 602 1387 proderentur
629 1322 731 1370 alii:
772 1335 869 1370 non
895 1323 1018 1370 enim
1049 1337 1101 1370 se
1131 1321 1328 1371 caedem
1355 1323 1589 1386 principis
1615 1330 1664 1371 et
1693 1337 1774 1370 res
1798 1335 1952 1370 novas

276 1406 370 1440 uno
398 1393 535 1440 socio
564 1393 829 1454 cogitasse.
1090 1392 1093 1393 ⁷
1121 1398 1126 1402 “

384 1460 466 1511 29.
505 1461 624 1510 Tum
661 1470 920 1510 accusator
957 1461 1043 1510 Cn.
1079 1462 1326 1510 Lentulum
1365 1469 1413 1510 et
1447 1463 1607 1510 Seium
1645 1461 1950 1510 Tuberonem

276 1532 514 1593 nominat,
549 1530 734 1594 ‘magno
775 1531 961 1595 pudore
997 1530 1251 1594 CaesariS,
1298 1546 1403 1580 cum
1447 1533 1685 1596 primores
1726 1532 1947 1593 civitatiS,

275 1602 424 1650 intimi
450 1602 603 1665 ipsius
630 1601 787 1664 amici,
814 1601 1042 1650 Lentulus
1063 1602 1328 1650 senectutis
1355 1608 1626 1664 extremae,
1647 1599 1840 1650 Tubero
1868 1600 1946 1648 de-

275 1672 407 1719 fecto
447 1684 685 1734 corpore,
723 1670 948 1719 tumultus
986 1670 1174 1719 hostilis
1209 1678 1256 1719 et
1294 1670 1556 1719 turbandae
1599 1671 1671 1718 rei
1727 1668 1950 1734 publicae

234 1761 253 1791 5
277 1748 663 1789 accerserentur.
718 1740 804 1788 sed
827 1740 873 1787 hi
905 1740 1094 1803 quidem
1122 1742 1278 1789 statim
1307 1742 1544 1804 exempti:
1586 1741 1633 1787 in
1667 1747 1850 1803 patrem
1887 1754 1950 1787 cx

275 1810 432 1858 servis
471 1810 764 1872 quaesitum,
813 1817 860 1857 et
909 1811 1126 1872 quaestio
1163 1810 1368 1858 adversa
1401 1810 1673 1858 accusatori
1708 1809 1809 1857 fuit.
1869 1809 1948 1873 qui

275 1879 466 1927 scelere
494 1892 718 1941 vaecorS,
747 1879 883 1928 simul
916 1879 1046 1941 vulgi
1072 1893 1263 1927 rumore
1290 1880 1510 1943 territuS,
1534 1878 1682 1927 robur
1708 1886 1756 1927 et
1783 1893 1948 1927 saxum

273 1956 352 1998 aut
378 1947 722 2012 parricidarum
756 1963 940 2012 poenas
965 1949 1297 2012 minitantium,
1337 1950 1482 1998 cessit
1519 1948 1656 1998 urbe.
1708 1963 1764 1997 ac
1799 1955 1947 1997 retra·

276 2017 633 2066 ctusRavenna
665 2019 864 2082 exsequi
893 2020 1250 2069 accusationem
1282 2019 1507 2082 adigitur,
1544 2033 1639 2067 non
1674 2017 1947 2066 occultante

216 2101 258 2133 10
278 2086 473 2136 Tiberio
502 2095 639 2135 vetus
669 2088 825 2135 odium
860 2088 1115 2136 adversum
1155 2088 1343 2136 exulem
1384 2089 1632 2136 Serenum.
1692 2103 1798 2135 nam
1838 2094 1949 2151 post

275 2157 541 2205 damnatum
567 2156 796 2205 Libonem
836 2158 992 2205 missis
1030 2157 1089 2205 ad
1132 2156 1389 2207 Caesarem
1426 2158 1577 2206 literis
1615 2156 1945 2221 exprobrave-

272 2235 345 2275 rat
381 2242 514 2274 suum
548 2234 725 2275 tantum
763 2226 965 2275 studium
1019 2229 1123 2275 sine
1165 2228 1321 2276 fructu
1376 2227 1555 2290 fuisse,
1601 2226 1946 2289 addideratque

275 2295 506 2359 quaedam
547 2298 872 2344 contumacius
910 2311 1047 2360 quam
1082 2305 1229 2345 tutum
1271 2296 1395 2361 apud
1441 2312 1582 2345 aures
1624 2296 1858 2361 superbas
1899 2303 1948 2343 et

274 2365 529 2413 offensioni
557 2368 827 2428 proniores.
884 2381 940 2414 ea
968 2364 1148 2415 Caesar
1175 2374 1287 2414 octo
1314 2372 1423 2428 post
1449 2381 1599 2414 annos
1623 2365 1819 2427 rettulit,
1847 2380 1943 2413 me·

216 2456 255 2486 15
275 2434 400 2482 dium
435 2443 621 2498 tempus
659 2437 791 2483 varie
827 2450 1061 2497 arguens,
1113 2437 1253 2483 etiam
1298 2436 1336 2482 si
1384 2442 1620 2484 tormenta
1669 2435 1942 2499 pervicacia

273 2518 521 2552 servorum
551 2512 714 2552 contra
742 2506 1032 2553 evenissent.

380 2573 461 2626 30.
502 2574 655 2622 Dictis
701 2574 809 2622 dein
855 2576 1102 2622 sententiis
1159 2582 1208 2622 ut
1256 2576 1466 2623 Serenus
1523 2588 1655 2621 more
1716 2574 1942 2621 maiorum

273 2645 544 2707 puniretur,
574 2658 667 2708 quo
697 2644 905 2692 molliret
931 2644 1181 2706 invidiam,
1213 2645 1501 2693 intercessit.
1556 2642 1717 2692 Gallus
1747 2642 1941 2690 Asinius

273 2729 382 2762 cum
422 2713 580 2774 Gyaro
619 2722 697 2762 aut
731 2713 925 2762 Donusa
981 2713 1294 2762 claudendum
1349 2720 1595 2774 censeret,
1646 2712 1690 2759 id
1747 2726 1940 2775 quoque

274 2791 556 2845 aspernatus
595 2791 691 2845 est,
748 2799 950 2847 egenam
999 2799 1152 2847 aquae
1199 2791 1444 2846 utramque
1487 2781 1685 2831 insulam
1719 2781 1939 2828 referens

230 2850 552 2915 sdandosque
603 2855 727 2901 vitae
776 2869 887 2901 usus
937 2855 1011 2901 cui
1050 2855 1143 2901 vita
1186 2853 1550 2901 concederetur.
1614 2852 1677 2899 ita
1728 2852 1938 2899 Serenus

270 2919 532 2983 fimorgum
581 2931 869 2986 reportatur.
947 2930 995 2970 et
1050 2923 1156 2986 quia
1202 2921 1437 2970 Cornutus
1491 2936 1573 2969 sua
1624 2936 1761 2968 manu
1813 2919 1936 2968 ceci-
