1982 3216
146 203 292 242 XXIV
605 204 1059 244 COMMENTARIUS
1099 203 1359 244 CRITICUS
1367 231 1380 244 .

156 336 415 381 Victorinus
443 350 497 394 p.
523 334 663 390 246&
699 338 808 382 add.
837 338 926 384 Cic.
954 336 1074 382 Phil.
1108 336 1219 394 XII,
1256 335 1305 395 ὅ.
1335 342 1420 395 22,
1441 337 1535 382 ubi
1565 338 1666 382 cod.
1705 339 1848 385 Vatic.

141 420 219 464 pr.
246 420 303 450 m.
332 410 457 451 tenta
484 419 580 464 pro
609 411 783 453 tentata
806 407 966 462 habet.¹
1007 406 1092 450 Em
1119 406 1190 450 his
1213 408 1321 451 locis
1346 411 1545 465 apparet
1565 409 1847 466 scripturam

144 479 372 534 temptare
396 489 487 520 non
513 476 627 521 adeo
652 483 823 521 certam
848 477 1005 532 videri,
1033 480 1085 521 ut
1103 475 1235 520 hodie
1254 477 1492 534 plerisque
1514 477 1691 522 videtur
1700 496 1719 528 ,·
1740 491 1847 523 nam

144 549 320 590 constat
350 544 564 590 librarios
596 559 773 604 pronos
804 547 954 605 fuisse
997 546 1061 590 ad
1094 546 1272 590 literam
1306 560 1335 604 p
1362 548 1481 590 inter
1505 559 1549 590 m
1582 551 1627 590 et
1662 552 1680 591 t
1706 549 1846 593 inter-

133 615 426 673 ponendam‚·
451 616 518 659 sic
547 620 629 672 12,
655 620 713 663 20
738 617 864 661 lectio
894 617 984 661 hoe
1010 620 1229 673 temptata
1253 620 1355 660 orta
1383 620 1528 660 estex
1543 628 1654 660 vera
1669 617 1849 663 hostem

143 689 269 729 tanta
289 717 303 741 ,
328 688 372 728 et
396 690 448 732 11
466 718 480 741 ,
506 689 564 733 29
584 686 911 744 ostemptando
938 697 1000 730 ex
1026 686 1320 731 ostentando.
1361 685 1494 730 Raro
1518 687 1566 730 in
1590 685 1661 730 his
1681 686 1850 746 formis

143 753 362 797 librarius
388 754 555 798 codicis
574 753 697 798 Med.
716 756 866 812 primi
886 756 1017 799 litera
1038 769 1066 813 p
1094 754 1319 808 abstinuit,
1346 755 1429 799 sed
1453 760 1602 800 tamen
1627 770 1849 802 nonnum·

143 837 306 881 quam,
336 827 388 867 ut
410 827 466 880 2,
492 829 549 872 39
585 830 790 882 promtas
818 838 988 882 aures,
1018 829 1046 870 2
1063 858 1076 881 ,
1101 829 1158 873 38
1186 838 1278 882 quo
1304 824 1540 884 promeius
1573 826 1844 872 adversare·

143 898 244 949 tur,
273 897 326 949 3,
359 897 413 942 71
449 893 665 951 promisit
695 891 810 955 (pro
836 890 1093 953 promsit),
1127 899 1178 950 2,
1211 899 1265 943 87
1299 894 1550 952 adsumsit,
1576 899 1631 952 4,
1660 900 1715 944 35
1741 909 1852 955 per-

144 961 278 1018 emti,
323 966 382 1019 6,
421 965 476 1010 71
509 963 668 1008 emitio
708 965 782 1025 (p.
823 959 990 1023 emtio)
1039 958 1046 1027 Ι
1087 968 1113 1011 9
1145 964 1326 1022 obligat
1354 964 1541 1010 Baiter.-
1585 965 1806 1023 oblegatu
1838 961 1848 1025 Ι

144 1035 198 1080 12
225 1031 421 1077 clauisio
456 1026 462 1095 Ι
498 1036 550 1080 17
583 1033 806 1078 uiciniani

290 1097 382 1157 16,
419 1107 436 1148 1
476 1102 582 1160 quia
607 1100 686 1146 M.-
721 1117 808 1161 qua
841 1096 849 1166 Ι
883 1109 910 1151 3
936 1103 1053 1160 fugii
1086 1097 1093 1166 Ι
1127 1110 1153 1150 5
1179 1103 1370 1148 Flaccus
1395 1104 1459 1148 P.-
1490 1105 1655 1149 atticus
1689 1101 1695 1166 Ι
1728 1104 1851 1153 618-

143 1170 369 1215 miliarum
401 1164 410 1233 Ι
441 1175 470 1219 8
498 1171 743 1230 participis
777 1166 785 1234 Ι
818 1178 874 1221 16
898 1172 1028 1217 urbis
1067 1172 1302 1230 Wopkens

289 1237 381 1296 17,
417 1246 441 1286 1
473 1241 703 1299 profectis
731 1242 866 1287 domo
893 1241 966 1286 R.-
994 1242 1248 1300 praefectis
1271 1242 1449 1299 demum
1482 1234 1490 1306 Ι
1522 1247 1551 1290 8
1577 1242 1851 1288 Cilnium·L.·

145 1309 369 1355 eillinium
403 1303 410 1372 Ι
443 1317 498 1358 15
521 1310 605 1355 XV
626 1311 693 1354 E.-
731 1311 898 1368 uiginti
931 1305 938 1372 Ι
973 1316 1028 1359 16
1054 1312 1294 1370 probatus.
1340 1311 1528 1370 publico
1553 1311 1598 1358 D
1625 1313 1850 1363 distinxi&

143 1384 194 1424 at
215 1380 328 1423 solet
359 1379 546 1424 Tacitus
570 1381 639 1424 sic
671 1381 791 1424 duas
818 1383 1064 1425 sententias
1097 1383 1219 1426 nullo
1249 1383 1425 1425 artiore
1450 1383 1629 1427 vinculo
1660 1384 1778 1427 inter
1804 1393 1854 1426 se

144 1448 441 1494 cohaerentes
466 1451 514 1494 in
541 1463 681 1494 unam
712 1449 1014 1508 confundere.

290 1514 384 1576 18,
430 1523 459 1565 2
499 1519 840 1577 quindecimvir
870 1521 915 1566 B
959 1514 966 1583 Ι
1012 1526 1041 1569 8
1074 1533 1159 1579 per
1195 1519 1491 1577 magistratus
1536 1520 1600 1565 W
1622 1521 1722 1565 coll.
1755 1520 1857 1565 Liv.

141 1591 225 1645 40,
256 1593 311 1637 29
344 1583 351 1651 Ι
386 1594 442 1637 12
467 1602 651 1647 neque:
696 1604 817 1637 neve
849 1591 896 1634 Ε
923 1584 932 1653 Ι
967 1596 1023 1639 13
1053 1590 1219 1635 sociali
1250 1590 1379 1634 bello
1407 1591 1514 1634 incl.
1548 1591 1620 1645 N,
1653 1589 1781 1635 civili
1808 1590 1851 1634 b.

142 1656 209 1708 L,·
237 1657 301 1716 cf.
326 1658 477 1703 Kiene
509 1658 670 1704 Gesclz.
703 1661 783 1704 des
806 1659 1375 1719 Bundesyenossenlcrieys
1393 1674 1442 1716 p.
1466 1666 1563 1708 311.

288 1724 382 1785 19,
419 1734 445 1776 5
473 1741 532 1772 ex
561 1728 647 1773 Ri:
677 1734 723 1773 et
764 1726 772 1792 Ι
817 1726 915 1788 20,
947 1736 974 1777 2
1000 1730 1246 1776 caecidere
1290 1723 1296 1792 Ι
1343 1729 1388 1773 G.
1418 1729 1648 1774 Geminius
1676 1729 1741 1774 Ri
1779 1722 1786 1792 Ι
1826 1732 1855 1776 8

143 1810 256 1842 sane
286 1797 327 1842 is
356 1798 429 1842 Fa
457 1802 500 1842 et
520 1796 624 1842 Mr:
661 1813 801 1845 sanus

285 1863 342 1911 21
368 1902 381 1926 ,
422 1872 478 1914 12
504 1874 752 1927 susceptas
778 1868 836 1914 M
864 1868 866 1879 ²
903 1873 956 1917 17
985 1869 1223 1927 ambigens
1242 1903 1254 1925 ,
1282 1881 1366 1912 em.
1395 1867 1440 1912 R

285 1932 382 1995 22,
415 1941 445 1984 4
469 1938 639 1983 omissa
673 1932 682 2002 Ι
715 1945 771 1987 10
799 1940 991 1984 redactu
1010 1972 1023 1996 ,
1051 1951 1134 1984 em.
1152 1939 1273 1987 Hm;
1301 1937 1365 1996 cf.
1397 1937 1492 1982 Liv.
1524 1936 1608 1982 VII
1626 1969 1640 1993 ‚
1667 1939 1752 1993 27,
1783 1941 1811 1984 3
1844 1930 1852 1998 Ι

145 2010 199 2055 16
230 2011 300 2051 et:
332 2020 389 2052 eo
408 2006 453 2051 P
480 2000 489 2072 Ι
523 2004 617 2065 23,
643 2013 670 2054 2
698 2008 963 2054 deuenditis
997 2007 1005 2065 Ι
1038 2013 1094 2054 12
1119 2008 1164 2052 in
1192 2020 1421 2067 praeceps
1447 2005 1522 2063 M,
1549 2011 1599 2050 at
1621 2020 1661 2051 v.
1687 2010 1734 2066 4,
1759 2010 1814 2054 62
1844 1999 1850 2066 Ι

144 2079 196 2124 17
227 2075 386 2122 emitio
417 2089 480 2122 ex
503 2077 661 2135 forma
688 2078 855 2135 emtio,
882 2083 933 2122 ut
957 2078 1159 2127 videtum
1184 2092 1225 2122 v.
1243 2090 1391 2135 supra
1415 2077 1479 2120 ad
1503 2089 1543 2120 c.
1568 2082 1620 2123 15

287 2142 382 2204 24,
412 2151 441 2195 3
468 2152 541 2193 est
556 2147 652 2191 Bz:
684 2138 731 2192 et
763 2141 770 2210 Ι
803 2154 856 2196 11
886 2147 1153 2192 interficere
1186 2140 1194 2210 Ι
1227 2152 1282 2195 12
1307 2159 1552 2205 proavum:
1578 2150 1755 2203 patrem
1779 2150 1855 2190 aut

145 2228 278 2259 avum
304 2215 355 2259 N
361 2234 378 2266 ;
414 2220 463 2260 at
488 2232 530 2263 v.
558 2215 770 2261 Meinelce
792 2219 840 2261 in
869 2217 1171 2262 vindiciarum
1202 2215 1412 2260 Strabon.
1440 2215 1554 2259 libro
1578 2229 1635 2272 p.
1667 2217 1758 2259 213
1785 2227 1853 2272 sq.

289 2280 354 2328 25
373 2318 386 2342 ,
421 2289 449 2332 3
474 2288 776 2344 aurariasque
802 2286 930 2337 cod.;
959 2287 1102 2330 secuti
1126 2297 1284 2330 sumus
1318 2284 1752 2336 Weissenbornium‚
1777 2285 1858 2342 qui

145 2359 225 2398 aut
251 2355 544 2411 argentarias
570 2361 650 2399 aut
675 2354 899 2400 ferrarias
927 2355 1211 2399 intercidisse
1236 2356 1494 2411 suspicatus
1519 2359 1611 2404 est,-
1647 2353 1854 2399 aurariae

146 2421 451 2481 aerariasque
478 2424 576 2479 Bz,
608 2425 818 2469 aurarias
845 2438 884 2468 v.
919 2419 926 2486 Ι
961 2429 1016 2472 13
1042 2424 1116 2481 vi,
1145 2430 1265 2468 metu
1297 2423 1336 2468 L

287 2487 382 2549 26,
415 2495 445 2539 4
472 2492 648 2550 exilio,
676 2506 761 2538 em.
791 2493 841 2537 N
867 2487 874 2556 Ι
909 2500 964 2541 10
990 2499 1060 2538 est
1085 2495 1193 2538 add.
1219 2493 1266 2538 Ε

287 2557 382 2619 27,
434 2568 456 2609 1
497 2576 641 2620 super
688 2562 769 2608 tali
810 2562 873 2607 P.-
916 2568 1105 2621 superta
1155 2558 1163 2626 Ι
1214 2567 1269 2610 12
1307 2567 1620 2621 pallescente,
1667 2573 1750 2604 em.
1785 2559 1854 2609 B,-

146 2644 406 2689 pavescens
434 2631 508 2676 JG
540 2624 548 2695 Ι
583 2637 753 2690 quanto
778 2632 820 2676 A
852 2632 859 2690 Ι
893 2637 948 2680 16
975 2632 1066 2676 uici

274 2695 383 2757 28,
417 2706 446 2749 3
472 2706 626 2746 sectas
666 2701 828 2747 Wurm
861 2695 870 2761 Ι
899 2706 929 2748 4
952 2701 1165 2759 reperias
1192 2716 1275 2760 pr.
1308 2716 1388 2754 m.‚
1421 2699 1632 2760 reperies
1663 2699 1764 2742 ead.
1790 2712 1850 2743 m.

145 2781 271 2813 corr.
316 2762 324 2832 Ι
368 2774 394 2817 6
421 2770 706 2815 creberrima
736 2775 782 2815 et
808 2771 986 2827 tristia,
1027 2783 1110 2814 em.
1143 2772 1209 2822 F,·
1244 2771 1528 2816 creberrima
1555 2773 1603 2812 ut
1627 2767 1852 2812 tristia‘in

145 2839 322 2894 bonos,
359 2837 422 2883 ita
450 2839 571 2884 laeta
596 2839 672 2896 H,
715 2839 999 2885 ereberrime
1033 2844 1078 2883 et
1110 2845 1138 2883 t.
1171 2839 1215 2883 in
1243 2841 1391 2885 bonos
1431 2844 1476 2883 et
1513 2838 1634 2882 laeta
1662 2836 1707 2880 Ε
1747 2831 1754 2899 Ι
1800 2840 1855 2884 16

147 2906 427 2951 distineatur
459 2901 469 2970 Ι
501 2912 554 2955 21
585 2908 796 2952 aberrem
822 2908 878 2952 H
