1976 3224
204 181 308 230 246
635 191 910 230 CORNELII
939 190 1134 228 ‘rAc1T1
1160 191 1466 230 ANNALIUM

207 319 448 369 absterret
480 319 801 383 cubiculoque
830 321 1112 384 prorumpit.
1166 328 1362 383 postera
1389 321 1466 368 die
1493 321 1744 368 manifesta
1775 335 1884 368 cae-

206 390 316 452 deS,
353 389 478 438 haud
517 390 765 452 ambiguus
801 404 1085 453 percussor;
1128 391 1308 454 quippe
1334 392 1618 438 mansitasse
1651 404 1740 437 una
1768 404 1883 437 con-

208 459 517 521 vincebatur,
556 460 643 508 sed
679 459 879 508 libertus
921 474 1053 508 suum
1080 459 1196 507 illud
1221 460 1407 509 facinus
1433 461 1679 525 profiteri,
1719 475 1774 507 se
1802 473 1883 524 pa·

146 546 190 579 ιο
207 531 331 578 troni
367 530 563 578 iniurias
603 529 749 577 ultum
787 544 915 577 esse.
977 537 1402 594 commoveratque
1438 530 1666 595 quosdam
1703 530 1883 592 magni-

204 599 364 648 tudine
391 599 625 664 exempli,
661 599 816 648 donec
845 598 1019 647 ancilla
1047 614 1109 647 ex
1133 600 1333 652 vulnere
1358 600 1544 649 refecta
1573 614 1739 648 verum
1769 613 1884 662 ape·

205 671 312 718 ruit.
374 669 742 734 postulatusque
769 669 895 732 apud
923 669 1152 717 consules
1179 685 1205 718 a
1232 677 1368 734 patre
1396 670 1706 731 interfectae,
1753 674 1883 732 post·

204 754 343 804 quam
369 738 610 787 tribunatu
651 737 864 801 abierat,
905 740 1140 787 sententia
1181 747 1366 803 patrum
1393 747 1442 788 et
1467 739 1582 803 lege
1610 739 1670 787 de
1697 737 1884 786 sicariis

206 809 567 857 condemnatur.

307 880 392 928 45.
430 877 541 928 Non
580 880 732 926 minus
771 880 972 942 insignis
1017 893 1077 926 eo
1125 893 1249 926 anno
1289 879 1566 942 inpudicitia
1606 892 1882 941 magnorum

203 951 276 998 rei
316 948 542 1013 publicae
577 948 810 997 malorum
845 949 1024 996 initium
1063 948 1194 996 fecit.
1249 956 1352 996 erat
1391 950 1436 996 in
1475 949 1668 997 civitate
1707 947 1885 996 Sabina

203 1019 451 1083 Poppaea,
473 1018 528 1067 T.
543 1017 671 1066 Ollio
690 1025 827 1082 patre
847 1020 1025 1080 genita,
1049 1018 1136 1066 sed
1156 1032 1329 1066 nomen
1352 1020 1429 1066 avi
1447 1019 1645 1067 materni
1667 1031 1883 1081 sumpse-

203 1097 301 1151 rat,
329 1088 518 1136 inlustri
541 1088 771 1136 memoria
798 1088 1014 1151 Poppaei
1044 1087 1238 1150 Sabini,
1267 1088 1510 1136 consulari
1538 1095 1585 1136 et
1611 1085 1883 1150 triumphali

164 1175 184 1205 5
205 1159 385 1206 decore
414 1157 794 1221 praefulgentis;
823 1172 928 1205 nam
951 1157 1123 1206 Ollium
1151 1157 1414 1206 honoribus
1442 1158 1649 1206 nondum
1675 1157 1885 1205 functum

206 1229 409 1277 amicitia
432 1228 595 1276 Seiani
622 1228 875 1291 pervertit.
920 1228 1031 1276 huic
1056 1227 1242 1275 mulieri
1266 1235 1439 1276 cuncta
1464 1227 1555 1276 alia
1583 1228 1720 1276 fuere
1745 1239 1882 1290 prae-

203 1307 279 1346 ter
311 1297 568 1346 honestum
606 1298 824 1346 animum.
878 1299 1057 1362 quippe
1093 1305 1246 1345 mater
1269 1299 1420 1359 eiuS,
1457 1299 1627 1346 aetatis
1664 1310 1780 1345 suae
1814 1295 1884 1343 fe-

203 1369 354 1415 minas
391 1366 747 1431 pulchritudine
781 1382 1131 1430 supergressa,
1165 1367 1370 1429 gloriam
1401 1369 1580 1431 pariter
1606 1375 1653 1415 et
1685 1367 1884 1414 formam

204 1437 431 1493 dederat;
469 1452 591 1500 opes
630 1437 900 1485 claritudini
932 1439 1131 1500 generis
1163 1437 1484 1486 sufficiebant.
1542 1451 1701 1485 sermo
1732 1435 1885 1484 comis

150 1523 187 1555 ιο
203 1523 295 1556 nec
323 1506 579 1555 absurdum
604 1506 872 1570 ingenium:
898 1507 1181 1557 modestiam
1210 1507 1462 1570 praeferre
1492 1514 1539 1555 et
1565 1506 1764 1555 lascivia
1793 1506 1883 1552 uti:

202 1593 340 1627 rarus
370 1577 418 1624 in
448 1576 691 1641 publicum
721 1591 977 1638 egressuS,
1017 1576 1162 1640 idque
1195 1577 1354 1624 velata
1382 1583 1520 1640 parte
1549 1578 1674 1637 oris,
1714 1590 1779 1644 pe
1810 1589 1883 1622 sa-

202 1648 346 1695 tiaret
382 1655 660 1710 aspectum,
696 1647 777 1694 vel
806 1647 914 1710 quia
941 1648 1013 1694 sic
1049 1645 1270 1695 decebat.
1322 1646 1478 1694 famae
1508 1659 1762 1709 numquam
1799 1658 1882 1707 pe-

204 1717 391 1781 percit,
430 1718 627 1765 maritos
654 1723 702 1764 et
727 1716 975 1764 adulteros
1001 1730 1096 1764 non
1122 1715 1451 1778 distinguens;
1489 1729 1648 1780 neque
1673 1713 1882 1763 adfectui

205 1800 291 1834 suo
320 1792 400 1833 aut
427 1786 584 1834 alieno
614 1785 854 1846 obnoxia,
881 1786 1005 1834 unde
1032 1785 1209 1834 utilitas
1236 1785 1601 1847 ostenderetur,
1637 1783 1752 1833 illuc
1778 1782 1883 1831 libi·

150 1871 188 1904 15
207 1856 365 1904 dinem
390 1855 731 1903 transferebat.
791 1856 938 1918 igitur
963 1863 1188 1918 agentem
1213 1870 1318 1903 eam
1345 1857 1391 1903 in
1417 1855 1719 1903 matrimonio
1746 1852 1882 1902 Rufri

206 1925 417 1989 Crispini
451 1926 623 1990 equitis
651 1925 883 1987 Romani,
921 1941 981 1973 ex
1019 1940 1113 1989 quo
1143 1926 1287 1973 lilium
1322 1932 1586 1988 genuerat,
1625 1923 1749 1972 Otho
1780 1921 1882 1987 pel-

205 1996 325 2044 lexit
355 1995 548 2044 iuventa
582 2011 639 2044 ac
667 1995 782 2044 luxu
818 2003 865 2043 et
896 1998 1004 2060 quia
1039 1995 1442 2058 flagrantissimus
1478 1996 1527 2043 in
1555 1995 1760 2043 amicitia
1787 1991 1882 2041 Ne·

203 2066 337 2114 ronis
364 2064 658 2129 habebatur:
696 2080 790 2113 nec
820 2080 954 2114 mora
996 2065 1107 2129 quin
1144 2065 1382 2113 adulterio
1413 2064 1761 2113 matrimonium
1785 2063 1883 2110 iun·

204 2142 417 2198 geretur.

312 2204 395 2253 46.
439 2204 562 2253 Otho
601 2208 704 2253 sive
747 2218 911 2253 amore
956 2206 1173 2253 incautus
1213 2205 1410 2254 laudare
1451 2205 1651 2252 formam
1687 2202 1882 2265 elegan-

206 2276 415 2336 tiamque
438 2275 618 2322 fuxoris
655 2274 781 2338 apud
817 2275 1113 2338 principem,
1165 2276 1269 2323 sive
1303 2282 1354 2322 ut
1389 2274 1686 2323 accenderet
1720 2286 1803 2332 ac,
1842 2273 1882 2319 si

207 2344 376 2391 eadem
414 2344 589 2391 femina
629 2351 939 2408 poterentur,
975 2344 1021 2392 id
1050 2359 1242 2408 quoque
1279 2343 1521 2392 vinculum
1549 2344 1811 2408 potentiam
1836 2343 1880 2389 ei

206 2413 438 2462 adiceret.
492 2428 641 2477 saepe
670 2413 855 2461 auditus
883 2421 957 2460 est
996 2429 1297 2476 consurgens
1324 2429 1351 2462 e
1379 2415 1604 2462 convivio
1635 2410 1878 2469 CaesariS,

165 2501 186 2532 s
208 2498 261 2531 se
287 2482 478 2547 quidem
502 2483 572 2530 ire
601 2482 659 2531 ad
685 2482 814 2530 illam
831 2520 844 2542 ,
877 2483 967 2530 sibi
996 2498 1283 2532 concessam
1313 2483 1535 2531 dictitans
1561 2482 1876 2539 nobilitatem,

207 2551 634 2616 pulchritudinem,
675 2559 788 2600 vota
825 2554 1030 2601 omnium
1074 2561 1122 2602 et
1145 2554 1319 2616 gaudia
1346 2553 1575 2602 felicium.
1636 2552 1710 2600 his
1736 2558 1878 2614 atque

204 2621 380 2670 talibus
418 2623 727 2671 inritamentis
772 2637 867 2670 non
910 2622 1057 2686 longa
1106 2627 1346 2672 cunctatio
1384 2623 1714 2687 interponitur.
1792 2619 1878 2666 sed

206 2700 412 2754 accepto
454 2692 577 2740 aditu
604 2693 834 2757 Poppaea
870 2696 1069 2756 primum
1097 2709 1185 2757 per
1212 2694 1530 2741 blandimenta
1567 2699 1615 2739 et
1642 2688 1770 2738 artes
1797 2704 1877 2736 va-

205 2760 424 2823 lescere,
475 2763 702 2826 imparem
741 2763 948 2826 cupidini
983 2779 1038 2811 se
1074 2771 1120 2811 et
1154 2764 1307 2811 forma
1345 2762 1551 2811 Neronis
1593 2767 1778 2823 captam
1817 2759 1876 2805 si-

150 2845 191 2878 ιο
209 2830 415 2884 mulans;
445 2846 557 2880 mox
583 2833 681 2880 acri
710 2833 799 2879 iam
827 2833 1062 2896 principis
1089 2847 1252 2880 amore
1284 2833 1341 2880 ad
1365 2829 1636 2894 superbiam
1663 2836 1875 2889 vertenS,

207 2900 246 2946 si
275 2899 395 2946 ultra
425 2916 561 2949 unam
591 2902 884 2964 alteramque
919 2910 1108 2949 noctem
1139 2903 1436 2962 attIneretur,
1466 2906 1654 2962 nuptam
1685 2914 1795 2946 esse
1823 2912 1878 2945 se
