1976 3224
565 191 739 228 LIBER
777 190 878 227 x11.
915 188 1041 226 CAP.
1084 186 1244 229 1—6.
1644 173 1740 224 199

67 336 157 386 per
203 321 406 368 edictum
444 318 628 368 Vitellii
678 318 843 366 ordine
889 319 1132 366 senatorio
1175 323 1419 377 movetur,
1459 327 1798 379 quamquamm

64 391 198 440 lecto
244 389 429 454 pridem
475 395 642 436 senatu
687 387 938 452 lustroque
988 386 1199 435 condito.
1271 385 1407 434 simul
1453 384 1741 433 adfinitatem

64 459 292 509 Claudius
317 458 521 521 diremit,
547 457 841 522 adactusque
869 458 1059 506 Silanus
1086 458 1275 504 eiurare
1302 456 1660 518 magistratum,
1692 461 1740 501 et

67 530 284 597 reliquus
313 522 569 594 praeturae
595 526 739 575 dies
725 542 772 574 ιιι
803 526 1002 592 Eprium
1022 525 1303 575 Marcellum
1333 524 1549 572 conlatus
1579 531 1666 572 est.

168 601 216 648 5.
257 597 311 647 Ο.
339 597 571 661 Pompeio
602 597 660 658 Q
693 597 905 646 Veranio
936 585 1214 645 consulibus
1236 602 1426 659 pactum
1452 595 1575 642 inter
1599 592 1738 642 Clau-

66 668 192 717 dium
228 676 275 716 et
314 667 635 731 Agrippinam
668 668 1014 715 matrimonium
1048 668 1138 714 iam
1173 664 1324 728 fama,
1365 665 1456 713 iam
1481 678 1643 712 amore
1670 664 1738 710 in·

64 739 198 787 licito
222 737 512 792 firmabatur;
536 736 738 785 necdum
761 736 1014 785 celebrare
1036 735 1288 784 sollemnia
1308 735 1575 798 nuptiarum
1598 732 1738 782 aude·

66 807 208 870 bant,
246 807 377 856 nullo
407 807 632 870 exemplo
660 806 899 856 deductae
924 807 970 853 in
1000 805 1187 853 domum
1214 806 1366 885 patrui
1394 805 1556 852 fratris
1583 803 1736 851 filiae:

69 878 181 947 quin
220 884 268 925 et
297 878 530 925 incestum
558 891 644 939 ac,
686 879 726 924 si
753 882 1093 941 sperneretur,
1131 890 1192 923 ne
1219 876 1265 921 in
1295 874 1467 923 malum
1495 873 1738 938 publicum
1761 897 1781 928 5

66 954 340 1011 erumperet
364 946 678 995 metuebatur.
736 961 829 994 nec
867 953 976 994 ante
1013 946 1188 993 omissa
1220 946 1460 993 cunctatio
1490 958 1630 1007 quam
1655 944 1737 991 Vi-

0 1068 4 1073 ,
67 1016 230 1065 tellius
256 1017 353 1064 suis
380 1015 561 1065 artibus
588 1015 635 1064 id
661 1008 1033 1081 perpetrandum
1060 1015 1276 1078 sumpsit.
1327 1020 1739 1078 percontatusque

68 1085 328 1135 Gaesarem
362 1102 421 1135 an
458 1087 599 1133 iussis
645 1086 840 1150 populi,
878 1100 938 1133 an
973 1084 1246 1133 auctoritati
1291 1091 1485 1131 senatus
1524 1082 1738 1145 cederet,

66 1156 147 1205 ubi
169 1156 251 1204 ille
278 1171 418 1204 unum
443 1170 496 1203 se
526 1155 698 1203 civium
725 1163 772 1203 et
802 1156 1059 1203 consensui
1086 1156 1316 1218 imparem
1342 1153 1621 1218 respondit,
1652 1167 1738 1215 op-

65 1227 215 1291 periri
244 1226 365 1274 intra
393 1224 617 1289 palatium
643 1224 790 1273 iubet.
847 1225 953 1288 ipse
977 1225 1155 1272 curiam
1179 1223 1461 1286 ingreditur,
1491 1237 1736 1289 summam·
1758 1248 1797 1280 10

69 1310 164 1359 que
202 1309 304 1342 rem
341 1294 581 1359 publicam
615 1296 694 1357 agi
735 1294 982 1342 obtestans
1022 1296 1207 1342 veniam
1242 1292 1431 1341 dicendi
1466 1300 1574 1341 ante
1617 1292 1738 1341 alios

67 1366 295 1429 exposcit
320 1364 621 1428 orditurque:
658 1365 972 1427 gravissimos
1011 1365 1245 1427 principis
1280 1362 1501 1426 laboreS,
1529 1364 1633 1427 quis
1664 1377 1738 1409 or-

66 1434 176 1483 bem
215 1441 375 1483 terrae
417 1441 667 1499 capessat,
709 1449 858 1496 egere
887 1433 1207 1495 adminiculiS,
1246 1440 1295 1480 ut
1333 1432 1596 1481 domestica
1627 1446 1741 1479 cura

69 1515 245 1553 vacuus
282 1506 326 1551 in
366 1519 612 1552 commune
651 1503 886 1553 consulat.
938 1503 1066 1566 quod
1098 1516 1245 1566 porro
1283 1503 1530 1551 honestius
1568 1515 1738 1550 censo-

67 1575 168 1622 riae
194 1576 364 1622 mentis
390 1573 709 1622 levamentum
741 1588 878 1637 quam
908 1573 1160 1621 adsumere
1188 1574 1456 1635 coniugem,
1487 1572 1740 1636 prosperis
1759 1593 1798 1625 15

12 1700 18 1707 ,
67 1643 317 1707 dubiisque
344 1644 543 1706 sociam,
574 1645 648 1691 cui
671 1643 997 1705 cogitationes
1022 1644 1225 1704 intimaS,
1261 1644 1334 1690 cui
1356 1657 1535 1706 parvos
1556 1641 1739 1689 liberos

64 1713 235 1776 tradat,
268 1728 365 1762 non
391 1713 520 1761 luxui
546 1720 626 1762 aut
651 1711 978 1776 voluptatibus
1005 1712 1343 1774 adsuefactuS,
1372 1712 1457 1760 sed
1485 1714 1562 1776 qui
1589 1712 1740 1776 prima

64 1782 126 1832 ab
150 1785 343 1831 iuventa
370 1782 561 1844 legibus
589 1783 1044 1847 obtemperavisset.

173 1851 221 1900 6.
260 1851 519 1915 Postquam
549 1853 671 1900 haec
697 1851 955 1900 favorabili
983 1852 1203 1900 oratione
1234 1852 1480 1915 praemisit
1499 1851 1739 1915 multaque

70 1929 255 1985 patrum
298 1921 562 1969 adsentatio
604 1920 916 1985 sequebatur,
965 1928 1107 1984 capto
1148 1937 1311 1968 rursus
1346 1922 1503 1984 initio,
1549 1921 1737 1984 quando

68 1990 377 2038 maritandum
409 1991 678 2054 principem
712 1991 869 2038 cuncti
909 1989 1190 2053 suaderent,
1226 1990 1374 2053 deligi
1411 1998 1643 2054 oportere
1670 1990 1738 2037 fe-

71 2062 242 2108 minam
277 2060 525 2108 nobilitate
561 2060 830 2124 puerperiis
869 2061 1179 2108 sanctimonia
1213 2061 1465 2122 insignem.
1534 2074 1625 2108 nec
1663 2059 1740 2107 diu

66 2129 409 2193 anquirendum
459 2131 570 2194 quin
616 2129 887 2193 Agrippina
934 2128 1214 2177 claritudine
1258 2131 1454 2192 generis
1506 2130 1735 2176 anteiret:
1762 2149 1780 2180 5

67 2199 225 2248 datum
258 2199 317 2248 ab
359 2215 416 2247 ea
457 2199 762 2247 fecunditatis
801 2200 1179 2263 experimentum
1215 2207 1262 2247 et
1301 2213 1574 2261 congruere
1609 2205 1738 2246 artes

67 2268 312 2317 honestas.
361 2269 406 2317 id
432 2282 550 2316 vero
584 2269 860 2331 egregium,
898 2268 1026 2332 quod
1064 2270 1261 2332 provisu
1296 2268 1434 2316 deum
1462 2268 1601 2316 vidua
1639 2269 1736 2315 iun·

67 2346 267 2401 geretur
295 2339 499 2403 principi
529 2353 613 2386 sua
637 2345 813 2386 tantum
841 2340 1137 2387 matrimonia
1165 2346 1386 2403 experto.
1443 2338 1684 2386 audivisse
1711 2353 1735 2385 a

68 2407 368 2472 parentibus,
397 2407 577 2456 vidisse
603 2410 740 2472 ipsos
767 2407 920 2471 abripi
949 2410 1182 2470 coniuges
1207 2408 1266 2456 ad
1293 2408 1424 2456 libita
1453 2407 1736 2456 Caesarum:

69 2477 241 2541 procul
269 2477 317 2525 id
347 2493 373 2525 a
399 2478 641 2541 praesenti
676 2478 926 2526 modestia.
983 2485 1272 2526 statueretur
1307 2480 1446 2526 immo
1482 2477 1735 2525 documen·
1756 2494 1796 2527 10

67 2552 178 2610 tum,
208 2561 302 2611 quo
328 2561 529 2594 uxorem
552 2547 813 2610 imperator
833 2561 868 2594 a
887 2554 1069 2596 senatu
1089 2548 1384 2611 populoque
1402 2547 1634 2595 Romano
1661 2559 1736 2595 ac-

71 2616 272 2680 ciperet.
320 2624 365 2664 at
403 2616 525 2664 enim
562 2630 688 2663 nova
722 2615 864 2664 nobis
900 2619 947 2664 in
986 2617 1182 2664 fratrum
1218 2617 1337 2664 {ilias
1366 2617 1614 2677 coniugia:
1652 2614 1737 2661 sed

71 2684 175 2732 aliis
203 2686 427 2747 gentibus
455 2685 723 2746 sollemnia,
758 2699 918 2748 neque
943 2685 1055 2747 lege
1084 2685 1178 2733 ulla
1211 2685 1474 2749 prohibita;
1510 2692 1557 2732 ‘et
1583 2683 1736 2732 sobri-

70 2768 233 2801 narum
275 2755 350 2803 diu
390 2757 609 2817 ignorata
648 2761 866 2816 tempore
913 2753 1071 2802 addito
1118 2755 1502 2816 percrebruisse.
1556 2767 1738 2802 morem

71 2824 421 2872 accommodari
450 2832 591 2889 prout
621 2822 872 2886 conducat,
904 2830 950 2871 et
980 2824 1086 2871 fore
1113 2822 1206 2871 hoe
1235 2839 1425 2888 quoque
1452 2825 1498 2870 in
1526 2824 1582 2871 iis
1614 2838 1737 2887 quae
1759 2842 1794 2872 15

71 2904 184 2938 mox
207 2901 509 2956 usurpentur.
