1976 3224
256 196 357 247 130
689 208 964 248 CORNELII
987 211 1181 249 'errm
1207 212 1510 252 ANNALIUM

251 343 302 384 ut
335 335 563 384 feriarum
596 336 861 385 Latinarum
889 339 1056 387 diebus
1083 341 1382 404 praefectum
1417 341 1546 390 urbis
1572 342 1804 408 Drusum,
1844 361 1922 395 au-

253 405 471 470 spicandi
495 406 650 469 gratia
675 408 878 456 tribunal
905 411 1194 473 ingressum,
1223 411 1394 459 adierit
1421 409 1708 475 Calpurnius
1737 415 1922 465 Salvia-

250 491 339 523 nus
370 476 418 523 in
457 476 655 524 Sextum
689 476 913 527 Marium:
968 479 1094 542 quod
1132 495 1157 527 a
1197 478 1410 530 Caesare
1444 480 1600 546 palam
1636 485 1921 549 increpitum

149 591 153 594 .
214 564 233 595 5
254 560 398 594 causa
435 545 566 594 exilii
592 546 817 596 Salviano
853 549 955 596 fuit.
1012 548 1204 598 obiecta
1233 549 1428 614 publice
1459 549 1715 613 Cyzicenis
1740 555 1921 603 incuria

253 616 647 664 caerimoniarum
675 615 769 664 divi
789 617 1013 682 Augusti,
1049 618 1221 667 additis
1247 620 1504 669 violentiae
1539 622 1814 672 criminibus
1840 623 1920 672 ad-

248 699 441 733 versum
487 686 621 734 cives
652 686 913 736 Romanos.
963 695 1011 737 et
1040 690 1246 737 amisere
1285 689 1578 755 libertatem,
1614 692 1920 757 quam-bello

247 754 533 805 Mithridatis
557 765 852 820 meruerant,
891 758 1198 807 circumsessi
1225 773 1317 807 nec
1342 761 1495 808 minus
1530 776 1614 810 sua
1653 764 1919 812 constantia

249 840 387 890 quam
420 825 665 891 praesidio
691 826 876 876 Luculli
903 828 1043 891 pulso
1077 843 1214 891 rege.
1264 836 1312 878 at
1338 828 1567 878 Fonteius
1596 830 1798 896 Capito,
1839 833 1919 896 qui

190 914 231 947 10
248 909 338 960 pro
380 896 583 944 consule
617 895 786 946 Asiam
820 905 1108 960 curaverat,
1137 898 1428 963 absolvitur,
1472 909 1707 965 conperto
1736 902 1847 951 ficta
1873 904 1920 950 in

248 980 355 1014 eum
391 966 584 1015 crimina
620 981 709 1031 per
738 967 931 1016 Vibium
960 969 1206 1016 Serenum.
1254 983 1415 1032 neque
1450 976 1608 1019 tamen
1647 970 1693 1019 id
1729 972 1918 1020 Sereno

245 1050 406 1084 noxae
433 1036 544 1100 fuit,
581 1050 722 1102 quem
757 1036 915 1086 odium
941 1037 1184 1102 publicum
1207 1039 1431 1087 tutiorem
1458 1039 1685 1098 faciebat.
1740 1056 1846 1090 uam
1869 1049 1921 1090 ut

247 1107 353 1170 quis
392 1104 672 1155 destrictior
720 1115 1004 1171 accusator,
1051 1107 1185 1156 velut
1220 1116 1562 1158 sacrosanctus
1601 1117 1729 1159 erat:
1780 1111 1919 1159 leves

243 1175 490 1239 ignobiles
519 1176 693 1240 poenis
720 1177 1082 1227 adliciebantur.

351 1245 434 1294 37.
474 1245 567 1295 Per
596 1246 723 1295 idem
743 1254 930 1313 tempus
956 1248 1187 1313 Hispania
1211 1248 1414 1296 ulterior
1436 1249 1595 1298 missis
1616 1249 1676 1299 ad
1702 1257 1914 1303 senatum

243 1315 421 1379 legatis
451 1318 629 1379 oravit,
668 1324 718 1365 ut
753 1318 978 1383 exemplo
1005 1318 1154 1367 Asiae
1181 1317 1430 1368 delubrum
1456 1318 1652 1369 Tiberio
1680 1321 1915 1384 matrique

245 1387 347 1434 eius
376 1392 663 1435 exstrueret.
721 1403 812 1452 qua
839 1389 1100 1437 occasione
1132 1386 1542 1451 Caesar,.validus
1569 1389 1750 1455 alioqui
1779 1404 1912 1454 sper-

242 1455 410 1504 nendis
435 1455 703 1505 honoribus
742 1465 791 1506 et
826 1457 1214 1523 respondendum
1247 1465 1378 1506 ratus
1409 1461 1470 1507 iis
1499 1473 1700 1523 quorum
1724 1473 1915 1507 rumore

199 1548 217 1578 5
243 1524 534 1588 arguebatur
572 1527 619 1575 in
655 1526 959 1577 ambitionem
998 1529 1223 1591 flexisse,
1260 1527 1466 1578 huiusce
1493 1528 1622 1578 modi
1650 1530 1915 1578 orationem

245 1596 430 1661 coepit:
459 1596 612 1659 ‘scio‚
647 1604 810 1661 patres
839 1599 1124 1663 conscripti,
1165 1599 1480 1647 constantiam
1504 1613 1658 1647 meam
1689 1613 1715 1647 a
1742 1598 1913 1662 pleris-

245 1680 337 1730 que
375 1664 718 1730 desideratam,
768 1668 896 1732 quod
933 1668 1080 1717 Asiae
1118 1667 1389 1716 civitatibus
1430 1683 1583 1733 nuper
1620 1668 1743 1716 idem
1788 1667 1913 1716 istud
1950 1672 1953 1675 ’

242 1734 519 1799 petentibus
556 1750 652 1784 non
693 1739 780 1784 sim
817 1737 1114 1786 adversatus.
1166 1751 1286 1800 ergo
1325 1745 1371 1785 et
1407 1739 1584 1801 prioris
1621 1738 1796 1787 silentii
1831 1736 1911 1785 de-

241 1804 536 1867 fensionem,
564 1811 611 1854 et
636 1805 747 1870 quid
771 1806 816 1854 in
844 1807 1048 1855 futurum
1077 1807 1338 1868 statuerim,
1368 1807 1503 1855 simul
1531 1809 1757 1873 aperiam.
1808 1822 1912 1855 cum

186 1888 227 1922 10
245 1874 381 1923 divus
410 1873 658 1937 Augustus
697 1875 787 1924 sibi
822 1884 965 1940 atque
990 1876 1095 1925 urbi
1119 1877 1302 1926 Romae
1327 1877 1554 1942 templum
1580 1877 1705 1942 apud
1731 1876 1910 1940 Perga-

241 1959 366 2007 mum
403 1945 505 1992 sisti
540 1959 637 1993 non
675 1946 1024 2010 prohibuisset,
1069 1948 1148 2011 qui
1187 1947 1342 1995 omnia
1385 1948 1512 1997 facta
1549 1947 1774 2012 dictaque
1809 1948 1910 1995 eius

241 2016 350 2063 vioe
375 2013 502 2077 legis
530 2014 814 2079 observem,
853 2016 1080 2080 placitum
1115 2018 1205 2065 iam
1237 2017 1505 2082 exemplum
1543 2018 1809 2082 promptius
1835 2030 1908 2064 se-

244 2091 381 2133 cutus
407 2098 534 2148 sum,
574 2086 682 2149 quia
720 2086 865 2134 cultui
900 2101 1009 2135 meo
1046 2088 1294 2136 veneratio
1325 2094 1519 2135 senatus
1546 2085 1906 2149 adiungebatur.

170 2153 174 2156 ’
244 2161 454 2203 ceterum
481 2161 530 2202 ut
557 2155 706 2203 semel
735 2157 988 2221 recepisse
1013 2157 1202 2205 veniam
1228 2155 1473 2220 habuerit,
1512 2159 1575 2206 ita
1615 2170 1781 2205 omnes
1820 2169 1909 2219 per

185 2240 226 2273 15
242 2225 522 2288 provincias
545 2226 710 2289 effigie
735 2227 971 2274 numinum
999 2228 1178 2276 sacrari
1203 2224 1521 2290 ambitiosum,
1552 2225 1831 2291 superbum;
1861 2231 1908 2272 et

241 2301 472 2341 vanescet
498 2295 704 2358 Augusti
734 2295 907 2359 honor,
940 2298 979 2345 si
1006 2297 1260 2361 promiscis
1294 2295 1644 2346 adulationibus
1666 2294 1906 2357 vulgatur.

348 2362 429 2411 38.
477 2363 586 2426 Ego
615 2380 716 2427 me,
757 2372 922 2429 patres
952 2367 1239 2431 conscripti,
1268 2366 1518 2413 mortalem
1549 2381 1659 2414 esse
1686 2372 1733 2413 et
1757 2359 1906 2412 homi-

240 2447 349 2480 num
390 2431 551 2481 officia
587 2434 720 2496 fungi
758 2437 968 2499 satisque
1004 2435 1212 2498 habere,
1245 2435 1300 2481 ‘si
1335 2434 1494 2483 locum
1525 2436 1792 2499 principem
1824 2434 1915 2481 im·-

241 2502 424 2566 pleam,
466 2510 511 2550 et
544 2517 634 2551 vos
662 2511 815 2553 testor
850 2512 897 2553 et
933 2505 1204 2553 meminisse
1242 2511 1471 2569 posteros
1501 2504 1638 2561 volo;
1679 2504 1757 2568 qui
1788 2504 1907 2552 satis

241 2586 484 2636 superque
512 2576 771 2622 memoriae
794 2589 930 2623 meae
951 2574 1174 2637 tribuent,
1201 2583 1250 2624 ut
1273 2574 1532 2623 maioribus
1552 2575 1669 2623 meis
1691 2573 1902 2636 dignum,

203 2657 400 2699 5rerum
440 2650 705 2692 vestrarum
741 2644 1018 2709 providum,
1055 2651 1351 2693 constantem
1385 2646 1431 2693 in
1466 2643 1720 2709 periculiS,
1753 2642 1903 2691 offen-

241 2712 424 2760 sionum
452 2728 541 2777 pro
571 2713 771 2763 utilitate
797 2714 990 2779 publica
1016 2730 1111 2764 non
1137 2714 1357 2779 pavidum
1385 2714 1596 2764 credant.
1642 2713 1764 2762 haec
1791 2712 1903 2760 mihi

239 2782 287 2828 in
315 2783 478 2831 animis
505 2786 679 2832 vestris
709 2784 912 2848 templa,
948 2784 1038 2833 hae
1077 2785 1427 2849 pulcherrimae
1454 2784 1654 2847 *effigies
1692 2789 1738 2830 et
1775 2796 1902 2830 man-

241 2864 397 2899 surae.
441 2868 547 2901 nam
583 2869 706 2918 quae
745 2869 863 2903 saxo
900 2861 1164 2917 struuntur,
1202 2855 1242 2903 si
1278 2855 1498 2915 iudicium
1523 2859 1831 2918 posterorum
1856 2852 1929 2898 in*

241 2917 398 2967 odium
432 2924 599 2986 vertit,
644 2938 731 2987 pro
766 2923 1035 2988 sepulchris
1063 2931 1366 2992 spernuntur.
1415 2921 1618 2989 proinde
1645 2923 1810 2970 socios
1838 2919 1899 2967 ci-
