1976 3224
5 2204 12 2235 *—
3 2069 11 2165 --.„...
0 1808 11 2039 «arv-<w1n'w
0 1714 10 1781 ⁴-4

587 202 760 240 LIBER
786 202 867 240 1v.
896 200 1020 239 CAP.
1047 195 1264 242 70-74-
1656 187 1753 235 147

36 312 41 322 „
99 333 211 380 tium
253 330 496 378 beluarum
534 330 727 378 feraces
769 330 944 390 saltuS,
995 328 1184 376 modica
1220 327 1346 376 domi
1385 333 1594 374 armenta
1635 332 1755 373 sunt.

13 2708 35 2879 1}

100 2893 188 2928 vor
221 2883 432 2929 internus
468 2888 795 2946 occupaverat
833 2883 1039 2943 animos,
1080 2882 1154 2929 cui
1191 2880 1449 2930 remedium
1487 2879 1757 2928 adulatione

35 3036 38 3045 ι

36 3054 38 3062 ι

96 415 156 449 ac
183 401 336 464 primo
364 399 553 447 boves
539 413 691 463 ipsos,
717 413 830 448 mox
860 412 1034 460 agros,
1075 405 1323 476 postremo
1351 409 1557 459 corpora
1595 395 1815 442 conia-10

99 484 210 533 gum
239 475 316 517 aut
348 468 607 516 liberorum
633 469 832 516 servitio
858 466 1122 515 tradebant.
1171 465 1284 513 hinc
1310 467 1378 513 ira
1405 471 1451 512 et
1473 471 1685 527 questuS,
1713 469 1761 511 et

97 545 351 603 postquam
386 552 482 585 non
508 536 904 598 subveniebatur,
943 535 1201 583 remedium
1230 550 1291 582 ex
1322 534 1471 581 bello.
1522 533 1646 596 rapti
1681 532 1762 595 qui

98 608 274 655 tributo
306 606 502 655 aderant
530 606 705 655 milites
743 614 790 654 et
826 604 1041 670 patibulo
1078 605 1247 653 adfixi:
1277 603 1507 651 Olennius
1542 602 1760 650 infensos

99 677 212 739 fuga
240 663 501 739 praevenit,
521 682 753 755 receptus
778 673 1002 735 castello,
1031 674 1105 722 cui
1126 687 1299 722 nomen
1318 671 1518 721 Flevum
1555 678 1602 718 et
1635 669 1759 719 haud

100 744 371 810 spernenda
415 744 517 792 illic
563 745 737 792 civium
784 745 1121 807 sociorumque
1168 756 1332 790 manus
1375 741 1516 789 litora
1569 739 1750 789 Oceani
1774 752 1830 786 15.

100 812 423 878 praesidebat.

201 881 284 931 73.
322 881 461 943 Quod
481 881 560 929 ubi
585 880 635 929 L.
663 881 882 946 Apronio
908 881 1152 930 inferioris
1179 879 1459 930 Germaniae
1497 892 1587 943 pro
1623 894 1759 943 prae·

98 960 205 1000 tore
239 952 508 1014 cognitum,
547 949 729 1000 vexilla
767 951 1012 1014 legionum
1049 965 1075 997 e
1118 951 1371 1013 superiore
1398 948 1649 1012 provincia
1677 963 1760 1012 pe-

100 1021 339 1084 ditumque
376 1028 423 1068 et
467 1020 675 1083 equitum
721 1021 1017 1069 auxiliarium
1053 1018 1274 1075 delectos
1316 1018 1492 1066 accivit
1529 1032 1588 1065 ac
1623 1016 1761 1065 simul

99 1098 347 1154 utrumque
383 1089 645 1137 exercitum
683 1088 854 1138 Rheno
891 1089 1144 1137 devectum
1179 1087 1349 1136 Frisiis
1383 1086 1563 1149 intulit,
1600 1086 1759 1134 soluto

100 1159 193 1208 iam
230 1158 415 1206 castelli
456 1157 644 1205 obsidio
681 1165 729 1206 et
764 1158 824 1207 ad
861 1173 945 1207 sua
978 1157 1181 1207 tutanda
1206 1156 1440 1219 digressis
1476 1154 1761 1204 rebellibus,
1782 1167 1803 1200 5

99 1229 245 1290 igitur
283 1228 501 1291 proxima
540 1227 777 1275 aestuaria
812 1227 1075 1290 aggeribus
1118 1234 1165 1274 et
1202 1225 1428 1290 pontibus
1467 1224 1761 1273 traducendo

102 1296 318 1360 graviori
358 1296 530 1358 agmini
575 1296 741 1344 firmat.
798 1304 942 1359 atque
979 1297 1164 1344 interim
1214 1296 1424 1359 repertis
1469 1294 1604 1342 vadis
1641 1293 1763 1342 alam

103 1364 461 1414 Canninefatem
502 1371 558 1417 >et
597 1364 726 1428 quod
765 1365 973 1429 peditum
1013 1365 1351 1414 Germanorum
1398 1365 1521 1412 inter
1567 1371 1762 1410 nostros

99 1432 314 1483 merebat
345 1433 662 1496 circumgredi
685 1441 822 1497 terga
846 1434 1051 1482 hostium
1076 1434 1232 1495 iubet,
1275 1435 1352 1497 qui
1383 1435 1472 1481 iam
1497 1433 1603 1480 acie
1633 1446 1759 1479 com-

102 1503 246 1568 positi
283 1502 464 1566 pellunt
491 1509 667 1550 turmas
703 1503 914 1551 sociales
943 1505 1228 1567 equitesque
1263 1503 1508 1565 legionum
1546 1500 1757 1549 subsidio
1778 1510 1819 1544 10

99 1574 292 1621 missos.
341 1578 437 1619 tum
470 1579 571 1620 tres
602 1571 739 1620 leves
767 1572 995 1621 cohortes
1033 1588 1089 1621 ac
1117 1587 1302 1620 rursum
1327 1571 1472 1633 duae,
1512 1570 1619 1618 dein
1646 1577 1759 1618 tem-

101 1655 221 1706 pore
250 1642 503 1689 interiecto
533 1640 706 1689 alarius
732 1656 881 1705 eques
908 1643 1156 1690 inmissus:
1189 1643 1305 1690 satis
1341 1640 1510 1704 validi,
1549 1641 1585 1687 si
1622 1639 1761 1687 simul

101 1709 451 1771 incubuissent,
480 1724 570 1773 per
594 1710 893 1758 intervallum
921 1712 1236 1759 adventantes
1260 1704 1417 1774 neque
1446 1710 1762 1758 constantiam

100 1778 376 1828 addiderant
413 1778 612 1827 turbatis
648 1787 695 1827 et
730 1794 913 1843 pavore
942 1781 1223 1843 fugientium
1254 1779 1608 1827 auferebantur.
1669 1776 1758 1827 Ce-

101 1847 250 1909 thego
290 1846 502 1894 Labeoni
540 1847 705 1910 legato
733 1849 922 1911 quintae
953 1850 1164 1911 legionis
1202 1849 1331 1912 quod
1359 1849 1594 1912 reliquum
1629 1847 1757 1896 auxi·
1777 1853 1818 1886 15

100 1917 271 1964 liorum
297 1915 450 1963 tradit.
505 1923 645 1979 atque
682 1916 765 1964 ille
805 1916 945 1965 dubia
976 1933 1168 1966 suorum
1204 1933 1258 1965 re
1296 1919 1342 1964 in
1377 1933 1558 1982 anceps
1581 1924 1760 1965 tractus

100 1985 257 2032 missis
306 1983 478 2031 nuntiis
515 1985 607 2031 vim
646 1984 889 2046 legionum
918 1986 1206 2049 inplorabat.
1278 1994 1592 2049 prorumpunt
1628 1986 1759 2049 quin-

98 2055 194 2102 tani
231 2060 339 2101 ante
378 2052 502 2100 alios
541 2059 588 2100 et
618 2054 716 2100 acri
754 2068 913 2116 pugna
941 2054 1083 2102 hoste
1109 2055 1250 2118 pulso
1279 2057 1517 2118 recipiunt
1546 2054 1761 2103 cohortis

99 2122 296 2187 alasque
331 2121 488 2170 fessas
515 2122 806 2169 vulneribus.
855 2137 1012 2186 neque
1039 2123 1134 2172 dux
1158 2125 1399 2173 Romanus
1425 2123 1571 2171 ultum
1607 2124 1658 2171 iit
1684 2130 1761 2171 aut

99 2205 306 2255 corpora
335 2189 561 2253 humavit,
591 2205 872 2254 quamquam
901 2192 1032 2240 multi
1059 2192 1353 2242 tribunorum
1381 2192 1817 2257 praefectorum-20

99 2276 191 2326 que
232 2267 279 2308 et
318 2260 532 2322 insignes
570 2261 876 2308 centuriones
904 2260 1208 2310 cecidissent.
1262 2276 1375 2311 mox
1410 2269 1706 2327 compertum
1732 2275 1760 2310 a

97 2329 356 2392 transfugis
395 2337 667 2391 nongentos
705 2330 1025 2378 Romanorum
1074 2330 1199 2395 apud
1235 2330 1391 2380 lucum
1431 2345 1570 2395 quem
1607 2331 1759 2380 Badu-

23 2455 24 2458 ,
98 2398 284 2448 hennae
304 2405 480 2446 vocant
501 2413 659 2462 pugna
679 2398 725 2446 in
745 2406 990 2462 posterum
1012 2407 1226 2449 extracta
1251 2400 1522 2462 confectOS,
1553 2408 1599 2449 et
1621 2401 1761 2449 aliam

99 2467 550 2533 quadringentorum
586 2482 771 2516 manum
815 2476 1052 2532 occupata
1083 2467 1381 2533 Cruptoricis
1410 2469 1645 2533 quondam
1681 2469 1758 2516 sti-

97 2536 326 2601 pendiarii
353 2535 486 2597 villa,
519 2543 772 2600 postquam
800 2537 1005 2600 proditio
1031 2538 1355 2600 metuebatur,
1389 2539 1561 2586 mutuis
1586 2537 1758 2586 ictibus
1774 2547 1816 2580 2⁵

97 2605 434 2669 procubuisse

203 2676 285 2723 74.
327 2673 518 2722 Clarum
553 2674 664 2723 inde
701 2675 825 2722 inter
852 2675 1114 2724 Germanos
1149 2675 1351 2723 Frisium
1376 2688 1577 2735 nomen,
1622 2672 1756 2721 dissi·

101 2743 304 2792 mulante
341 2743 537 2792 Tiberio
575 2743 766 2805 damna,
811 2758 870 2791 ne
913 2744 987 2790 cui
1025 2742 1201 2791 bellum
1238 2744 1556 2807 permitteret.
1602 2756 1758 2805 neque

102 2820 291 2862 senatus
321 2813 367 2862 in
395 2826 454 2860 eo
483 2828 624 2874 cura,
656 2827 715 2860 an
740 2813 923 2876 imperii
951 2819 1163 2861 extrema
1191 2813 1646 2861 dehonestarentur:
1674 2825 1757 2874 pa-

1368 2947 1469 2997 10*
