1976 3224
194 172 297 223 324
641 184 917 222 CORNELII
954 184 1150 223 mom
1188 187 1490 225 ANNALIUM

193 313 256 361 tia
285 318 446 376 putat,
473 312 563 359 nisi
591 311 719 376 quod
745 313 789 360 ei
817 311 1072 361 Petronius
1100 312 1484 377 adprobavisset.
1545 316 1667 364 unde
1692 318 1863 369 invidia

194 381 421 444 Tigellini
449 382 585 445 quasi
612 381 846 430 adversus
883 381 1116 429 aemulum
1154 390 1201 431 et
1231 384 1433 432 scientia
1461 383 1751 449 voluptatum
1779 401 1863 451 po·

193 453 383 500 tiorem.
451 465 574 514 ergo
613 451 942 500 crudelitatem
978 452 1242 516 principiS,
1291 454 1366 501 cui
1407 460 1602 502 ceterae
1641 454 1863 504 libidines

137 535 178 568 15
198 520 458 583 cedebant,
487 520 785 584 adgreditur,
816 521 1070 569 amicitiam
1098 522 1320 570 Scaevini
1345 522 1575 572 Petronio
1597 523 1863 589 obiectam,

195 598 425 655 corrupto
453 590 512 638 ad
538 590 761 639 indicium
789 604 934 639 servo
957 591 1274 656 ademptaque
1297 591 1580 642 defensione
1610 601 1657 641 et
1681 596 1862 643 maiore

191 668 331 725 parte
361 659 572 709 familiae
600 662 647 708 in
675 660 835 709 vincla
862 668 1016 725 rapta.

301 730 380 780 19.
418 729 570 779 Forte
604 730 702 779 illis
743 730 910 779 diebus
949 729 1256 793 Campaniam
1292 732 1530 796 petiverat
1567 731 1776 797 Caesar,
1816 741 1864 783 et

194 798 368 848 Cumas
397 815 550 864 usque
578 814 875 864 progressus
899 799 1153 848 Petronius
1179 800 1281 849 illic
1301 801 1616 860 attinebatur;
1642 818 1734 852 nec
1758 803 1863 852 tulit

191 870 314 918 ultra
350 871 535 918 timoris
562 868 642 918 aut
673 870 780 934 spei
817 883 991 917 moras.
1048 884 1205 934 neque
1247 878 1405 919 tamen
1443 886 1684 936 praeceps
1719 874 1862 921 vitam

191 940 401 1004 expulit,
428 939 516 988 sed
542 939 720 989 incisas
746 954 922 1003 venaS,
953 946 1003 986 ut
1031 938 1240 1002 libitum,
1275 939 1515 1003 obligatas
1543 944 1734 1007 aperire
1760 958 1861 990 rur-

149 1024 168 1056 5
192 1024 294 1058 sum
332 1017 380 1059 et
422 1009 618 1073 adloqui
662 1010 869 1070 amicos,
914 1022 1009 1057 non
1047 1023 1136 1072 per
1171 1010 1296 1058 s'eria
1334 1016 1413 1058 aut
1451 1010 1621 1074 quibus
1657 1011 1859 1074 glorian·

192 1080 492 1129 constantiae
523 1086 730 1143 peteret.
780 1077 1103 1141 audiebatque
1128 1078 1431 1141 referenteS,
1459 1079 1573 1128 nihil
1601 1079 1661 1128 de
1687 1081 1860 1129 inmor-

189 1149 374 1198 talitate
410 1149 596 1198 animae
633 1156 682 1196 et
720 1148 1004 1212 sapientium
1043 1148 1258 1212 placitis,
1298 1147 1385 1197 sed
1418 1148 1545 1197 levia
1580 1151 1785 1205 carmina
1815 1156 1864 1198 et

190 1218 362 1267 faciles
390 1233 578 1266 versuS.
636 1231 886 1266 servorum
915 1217 1038 1266 alios
1065 1217 1350 1281 largitione,
1389 1218 1622 1282 quosdam
1648 1219 1862 1267 verberi-

190 1288 280 1336 bus
317 1288 510 1336 adfecit.
569 1288 670 1336 iniit
705 1294 754 1336 et
789 1287 988 1351 epulaS,
1026 1302 1195 1336 somno
1233 1287 1454 1351 indulsit,
1490 1295 1543 1337 ut
1581 1303 1862 1354 quamquam

131 1373 175 1408 10
195 1364 364 1407 coacta
400 1371 531 1406 mors
574 1357 798 1406 fortuitae
845 1357 1012 1405 similis
1077 1364 1224 1406 esset.
1275 1373 1336 1406 ne
1380 1357 1615 1407 codicillis
1654 1359 1860 1423 quidem,

194 1427 320 1493 quod
345 1427 569 1495 plerique
597 1428 913 1492 pereuntium,
938 1426 1182 1476 Neronem
1203 1435 1282 1476 aut
1307 1427 1595 1491 Tigellinum
1619 1436 1698 1477 aut
1723 1443 1862 1493 quem

192 1498 334 1547 alium
369 1498 636 1562 potentium
669 1495 886 1545 adulatus
924 1503 1024 1545 est:
1066 1496 1152 1546 sed
1190 1497 1372 1560 flagitia
1406 1498 1638 1563 principis
1666 1498 1753 1547 sub
1777 1513 1862 1547 no·

190 1567 395 1617 minibus
424 1566 727 1616 exoletorum
751 1567 1126 1631 feminarumque
1154 1574 1202 1615 et
1225 1569 1489 1616 novitatem
1517 1569 1747 1632 cuiusque
1768 1575 1861 1616 stu-

192 1638 266 1703 pri
294 1637 581 1702 perscripsit
617 1644 762 1701 atque
800 1635 1054 1699 obsignata
1083 1638 1208 1685 misit
1236 1635 1434 1685 Neroni.
1484 1638 1724 1700 fregitque
1751 1653 1861 1686 anu·

135 1721 175 1754 15
193 1708 305 1769 lum,
338 1722 398 1755 ne
424 1721 538 1755 mox
562 1707 667 1754 usui
696 1713 827 1755 esset
853 1706 911 1754 ad
942 1706 1162 1755 facienda
1190 1706 1422 1771 pericula.

297 1777 379 1826 20.
419 1775 699 1839 Ambigenti
737 1775 950 1838 Neroni,
1005 1791 1209 1840 quonam
1244 1775 1388 1825 modo
1431 1777 1638 1824 noctium
1676 1791 1866 1824 suarum

189 1848 383 1909 ingenia
406 1853 736 1907 notescerent,
770 1845 970 1894 offertur
992 1845 1126 1909 Silia,
1152 1847 1452 1895 matrimonio
1475 1846 1712 1894 senatoris
1740 1844 1861 1893 haud

190 1917 356 1979 ignota
394 1923 441 1964 et
477 1916 569 1980 ipsi
610 1915 669 1964 ad
708 1929 893 1964 omnem
931 1915 1174 1964 libidinem
1206 1916 1386 1964 adscita
1413 1931 1471 1964 ac
1497 1914 1724 1964 Petronio
1752 1929 1860 1979 per·

192 2001 331 2050 quam
368 1983 632 2034 familiaris,
691 1986 849 2048 agitur
883 1987 930 2032 in
983 1985 1203 2049 exilium,
1252 1993 1485 2050 tamquam
1517 1984 1861 2033 non-siluisset

151 2072 171 2104 5
194 2071 315 2120 quae
345 2055 530 2104 viderat
554 2052 934 2120 pertuleratque,
963 2057 1164 2120 proprio
1194 2055 1322 2104 odio.
1363 2062 1409 2103 at
1433 2054 1687 2104 Minucium
1714 2053 1861 2102 Ther-

189 2141 311 2173 mum
347 2132 572 2188 praetura
610 2126 822 2173 functum
862 2124 1087 2187 Tigellini
1115 2124 1428 2173 simultatibus
1458 2123 1614 2187 dedit,
1657 2123 1763 2187 quia
1807 2122 1861 2170 li-

189 2195 357 2243 bertus
401 2193 595 2243 Thermi
637 2194 871 2259 quaedam
914 2194 973 2242 de
1017 2194 1257 2258 Tigellino
1304 2195 1560 2243 criminose
1608 2192 1861 2254 detulerat,

190 2279 313 2328 quae
352 2264 644 2313 cruciatibus
679 2271 1026 2313 tormentorum
1061 2265 1194 2330 ipse,
1229 2271 1459 2329 patronus
1496 2265 1600 2311 eius
1634 2277 1756 2311 nece
1792 2263 1861 2309 in-

189 2335 356 2382 merita
384 2333 538 2382 luere.

298 2403 383 2452 21.
418 2402 687 2452 Trucidatis
721 2409 792 2451 tot
825 2403 1094 2466 insignibus
1121 2403 1264 2466 viris,
1300 2403 1359 2452 ad
1399 2409 1691 2467 postremum
1726 2398 1865 2448 Nero

190 2474 412 2520 virtutem
432 2474 586 2536 ipsam
608 2471 870 2520 excindere
894 2474 1171 2536 concupivit
1195 2472 1452 2521 interfecto
1477 2471 1691 2522 Thrasea
1711 2468 1861 2518 Paeto

192 2549 240 2590 et
274 2541 426 2590 Barea
470 2543 685 2604 Sorano,
731 2542 843 2591 olim
880 2543 1094 2605 utrisque
1136 2542 1378 2603 infensuS,
1428 2549 1476 2590 et
1519 2536 1862 2590 accedentibus

192 2611 350 2659 causis
376 2612 423 2659 in
446 2611 725 2674 Thraseam,
755 2611 883 2675 quod
909 2619 1077 2660 senatu
1101 2626 1330 2674 egressus
1352 2619 1449 2675 est,
1480 2626 1583 2660 cum
1605 2609 1663 2658 de
1683 2607 1875 2670 Agrip<

149 2697 169 2729 ε
194 2681 303 2744 pina
339 2680 635 2742 referretur,
671 2689 720 2728 ut
756 2682 1045 2743 memoravi,
1089 2681 1314 2745 quodque
1350 2680 1635 2729 iuvenalium
1673 2676 1860 2725 ludicro

191 2764 356 2812 parum
384 2750 698 2813 spectabilem
729 2764 927 2814 operam
957 2750 1267 2815 praebuerat;
1304 2764 1457 2814 eaque
1487 2747 1690 2798 offensio
1720 2745 1860 2793 altius

190 2819 493 2881 penetrabat,
525 2821 631 2882 quia
660 2818 782 2867 idem
809 2819 1022 2879 Thrasea
1041 2819 1233 2882 Patavi,
1258 2819 1384 2867 unde
1412 2826 1543 2868 ortus
1570 2823 1701 2877 erat,
1737 2813 1860 2862 ludis

190 2893 220 2941 †
249 2889 445 2936 cetastis
473 2903 497 2936 a
521 2888 729 2936 Troiano
755 2888 1006 2937 Antenore
1034 2890 1259 2937 institutis
1279 2887 1439 2936 habitu
1461 2887 1645 2950 tragico
1670 2884 1859 2933 cecine-
