1976 3224
218 169 320 219 262
627 179 903 218 CORNELII
937 180 1133 218 TAOITI
1171 182 1475 219 ANNALmM

221 310 261 358 si
288 310 551 357 vetustiora
587 316 808 372 repetaS,
848 316 1050 357 stantem
1087 309 1315 373 populum
1355 313 1685 374 spectavisse,
1728 326 1814 375 ne,
1853 311 1894 360 si

224 378 498 427 consideret
523 377 736 440 theatr0,
765 378 868 426 dies
896 385 1026 426 totos
1052 379 1243 441 ignavia
1271 382 1585 428 continuaret.
1641 388 1893 446 spectacu-

221 449 375 499 lorum
409 448 599 512 quidem
625 449 877 512 antiquitas
899 456 1200 512 servaretur,
1234 451 1459 513 quotiens
1484 458 1682 515 praetor
1706 450 1893 511 ederet,

167 533 207 567 10
223 519 353 568 nulla
382 521 599 583 cuiquam
627 519 796 566 civium
831 520 1126 567 necessitate
1159 519 1388 568 certandi.
1449 527 1662 570 ceterum
1688 520 1896 570 abolitos

225 589 450 654 paulatim
485 590 666 653 patrios
690 602 850 636 mores
877 587 1086 637 funditus
1113 591 1265 637 everti
1290 604 1379 653 per
1405 591 1605 639 accitam
1628 590 1896 652 lasciviam,

224 667 273 708 ut
298 659 428 724 quod
459 673 656 723 usquam
686 659 927 721 corrumpi
968 665 1015 706 et
1050 673 1366 723 corrumpere
1401 667 1568 724 queat,
1606 662 1652 709 in
1686 659 1804 709 urbe
1828 660 1896 708 vi-

226 737 384 791 satur,
424 729 789 792 degeneretque
825 727 993 776 studiis
1030 729 1244 777 externis
1280 731 1528 792 iuventus,
1563 731 1813 794 gymnasia
1851 736 1899 778 et

227 802 323 849 otia
350 807 398 848 et
423 807 590 863 turpes
617 812 808 847 amores
839 798 1143 862 exercende,
1177 800 1397 864 principe
1424 808 1472 848 et
1497 808 1674 850 senatu.
1692 801 1898 849 auctori·

171 882 211 917 15
227 870 340 933 bus,
379 870 459 933 qui
484 883 579 917 non
604 868 748 917 modo
777 868 1018 917 licentiam
1053 869 1179 917 vitiis
1206 870 1538 933 permiserint,
1581 869 1668 919 sed
1696 872 1786 918 vim
1819 869 1896 918 ad-

226 939 448 1002 hibeant,
482 944 540 987 ut
574 952 809 1003 proceres
834 939 1036 988 Romani
1070 940 1240 1003 specie
1277 941 1543 988 orationum
1569 948 1616 990 et
1645 941 1898 989 carminum

229 1025 405 1059 scaena
432 1009 722 1074 polluantur.
786 1007 897 1072 quid
931 1023 1219 1073 superesse,
1253 1010 1344 1058 nisi
1381 1017 1431 1058 ut
1468 1025 1677 1076 corpora
1707 1023 1899 1076 quoque

228 1080 405 1129 nudent
432 1087 480 1127 et
515 1086 710 1127 caestus
748 1078 995 1127 adsumant
1022 1093 1203 1143 easque
1229 1095 1416 1144 pugnas
1449 1095 1538 1144 pro
1565 1080 1730 1129 militia
1755 1087 1806 1128 et
1828 1094 1899 1128 ar·

227 1152 315 1199 mis
337 1147 659 1197 meditentur?
687 1163 746 1197 an
771 1155 801 1205 †
821 1146 995 1198 iustitia
1018 1150 1199 1212 augurii
1221 1158 1268 1198 et
1289 1149 1509 1199 decurias
1532 1151 1740 1214 equitum
1761 1164 1899 1213 egre·

168 1239 211 1272 20
229 1222 356 1285 gium
386 1219 626 1276 iudicandi
663 1234 830 1267 munus
857 1219 1171 1283 expleturOS,
1210 1221 1251 1268 si
1278 1220 1462 1269 fractos
1490 1235 1639 1269 sonos
1664 1227 1713 1269 et
1738 1219 1900 1268 dulce·

228 1292 383 1340 dinem
413 1303 587 1338 vocum
613 1290 770 1353 perite
800 1286 1078 1337 audissent?
1112 1298 1284 1339 noctes
1324 1304 1515 1356 quoque
1553 1289 1784 1339 dedecori
1821 1287 1900 1338 ad-

227 1364 409 1422 iectaS,
445 1374 506 1408 ne
542 1358 671 1424 quod
707 1366 895 1423 tempus
938 1359 1109 1424 pudori
1148 1359 1472 1425 relinquatur,
1508 1361 1595 1409 sed
1623 1367 1765 1409 coetu
1791 1373 1900 1424 pro-

227 1433 396 1494 misco,
428 1428 557 1495 quod
583 1428 929 1494 perditissimus
958 1430 1162 1494 quisque
1184 1445 1272 1495 per
1291 1429 1415 1479 diem
1438 1431 1787 1496 concupiverit,
1815 1443 1903 1494 per

227 1500 455 1550 tenebras
479 1498 669 1549 audeat.
1146 1505 1159 1509 '

336 1571 420 1620 21.
460 1569 683 1619 Pluribus
734 1572 838 1635 ipsa
878 1569 1074 1618 licentia
1115 1569 1364 1635 placebat,
1406 1585 1466 1620 ac
1501 1577 1659 1619 tamen
1700 1570 1901 1618 honesta

229 1643 420 1691 nomina
448 1639 842 1704 praetendebant.
891 1640 1101 1688 maiores
1130 1654 1323 1704 quoque
1346 1654 1441 1689 non
1461 1639 1770 1690 abhorruisse
1793 1653 1901 1703 spe·

233 1710 528 1761 ctaculorum
555 1709 925 1758 oblectamentis
955 1723 1044 1772 pro
1083 1710 1275 1758 fortuna
1304 1725 1427 1774 quae
1452 1717 1548 1759 tum
1573 1717 1702 1772 erat,
1742 1721 1902 1772 eoque

232 1798 257 1830 a
285 1781 454 1830 Tuscis
488 1780 671 1828 accitos
700 1778 989 1840 histrioneS,
1019 1794 1045 1827 a
1072 1778 1260 1828 Thuriis
1285 1795 1517 1844 equorum
1545 1779 1826 1834 certamina;
1855 1783 1905 1826 et

187 1867 208 1899 5
231 1864 467 1917 possessa
494 1848 680 1898 Achaia
706 1848 922 1913 Asiaque
962 1848 1100 1897 ludos
1138 1851 1347 1898 curatius
1388 1850 1574 1913 editos,
1614 1864 1704 1898 nec
1741 1861 1902 1914 quem-

232 1935 373 1985 quam
389 1919 575 1969 Romae
605 1918 813 1968 honesto
841 1918 952 1967 loco
983 1926 1136 1967 ortum
1160 1919 1218 1968 ad
1249 1919 1510 1969 theatrales
1540 1927 1669 1969 artes
1695 1918 1903 1981 degene-

231 1991 443 2053 ravisse,
472 1989 691 2038 ducentis
719 1989 810 2042 iam
851 1990 986 2037 annis
1019 2004 1046 2038 a
1072 1989 1123 2037 L.
1155 1989 1361 2039 Mummii
1389 1990 1656 2054 triumpho,
1693 1989 1771 2054 qui
1812 1987 1903 2051 pri-

230 2076 332 2110 mus
360 2059 408 2108 id
428 2074 583 2123 genus
612 2059 880 2123 spectaculi
903 2060 949 2107 in
974 2058 1093 2107 urbe
1115 2060 1404 2124 praebuerit.
1456 2059 1542 2108 sed
1563 2067 1611 2108 et
1637 2057 1905 2108 consultum

232 2131 584 2196 parsimoniae,
623 2129 751 2193 quod
789 2136 1023 2193 perpetua
1055 2129 1201 2178 sedes
1227 2129 1414 2179 theatro
1452 2130 1612 2179 locata
1641 2131 1701 2178 sit
1729 2127 1902 2192 potius,

177 2217 216 2250 10
235 2216 373 2265 quam
398 2202 630 2248 immenso
657 2206 844 2263 sumptu
871 2199 1090 2262 singulos
1116 2214 1205 2264 per
1228 2214 1379 2248 annos
1401 2205 1719 2263 consurgeret
1746 2211 1802 2246 ac
1824 2195 1904 2244 de·

235 2277 515 2319 strueretur.
578 2284 669 2317 nec
708 2269 908 2334 perinde
943 2270 1252 2331 magistratus
1288 2285 1389 2318 rem
1420 2269 1702 2319 familiarem
1728 2266 1903 2316 exhau-

235 2349 392 2399 sturos
419 2347 498 2387 aut
526 2339 709 2403 populo
737 2339 1031 2401 efflagitandi
1060 2338 1245 2388 Graeca
1274 2340 1531 2388 certamina
1559 2352 1593 2387 a
1619 2335 1904 2401 magistrati-

233 2410 323 2458 bus
351 2424 543 2458 causam
570 2408 707 2470 fore,
749 2424 853 2457 cum
879 2423 939 2457 eo
968 2416 1155 2471 sumptu
1179 2424 1258 2457 res
1291 2408 1482 2472 publica
1504 2408 1743 2472 fungatur.
1798 2419 1903 2455 ora-

233 2488 389 2529 torum
427 2494 484 2527 ac
527 2486 686 2526 vatum
723 2479 952 2527 victorias
993 2479 1347 2527 incitamentum
1394 2479 1599 2542 ingeniis
1642 2476 1901 2529 adlaturas;

178 2562 218 2595 1⁵
235 2565 326 2598 nec
353 2550 569 2613 cuiquam
608 2547 750 2597 iudici
787 2563 938 2611 grave
967 2563 1109 2597 aures
1143 2547 1310 2596 studiis
1332 2548 1548 2597 honestis
1579 2555 1627 2597 et
1651 2545 1902 2609 voluptati·

234 2620 324 2668 bus
353 2619 602 2667 concessis
629 2619 890 2682 impertire.
951 2618 1161 2667 laetitiae
1188 2619 1342 2681 magis
1369 2633 1507 2682 quam
1543 2617 1773 2667 lasciviae
1802 2613 1903 2662 dari

235 2704 414 2753 paucas
452 2689 597 2737 totius
634 2689 944 2752 quinquennii
980 2695 1177 2749 noctes,
1216 2688 1387 2752 quibus
1426 2695 1554 2736 tanta
1590 2687 1696 2735 luce
1727 2685 1902 2747 ignium

234 2758 349 2806 nihil
380 2758 607 2806 inlicitum
635 2758 865 2806 occultari
894 2766 1054 2822 queat.
1119 2772 1235 2806 sane
1261 2757 1390 2806 nullo
1418 2757 1591 2819 insigni
1617 2754 1900 2804 dehonesta-

234 2835 394 2875 mento
422 2828 469 2876 id
511 2828 839 2891 spectaculum
874 2829 1074 2876 transiit.
1123 2842 1179 2875 ac
1218 2842 1277 2875 ne
1314 2827 1500 2875 modica
1535 2824 1723 2889 quidem
1751 2822 1901 2871 studia

175 2907 219 2940 20
235 2895 392 2961 plebis
421 2912 675 2959 exarsere,
718 2899 825 2960 quia
862 2897 1032 2945 redditi
1072 2911 1354 2960 quamquam
1395 2910 1600 2943 scaenae
1627 2891 1899 2959 pantomimi
