1976 3224
258 237 363 289 288
678 248 954 287 CORNELII
990 248 1188 299 2rA01T1
1226 249 1531 287 ANNALmM

263 380 329 429 sis
353 380 432 444 qui
468 378 784 427 harbarorum
822 379 1023 442 propius
1061 376 1522 441 suggrediebantur,
1565 378 1722 428 donec
1760 379 1940 441 ignium

263 453 389 499 iactu
422 448 865 497 circumveniretur.
916 447 1126 512 peditum
1154 449 1192 496 si
1224 449 1330 512 quis
1365 448 1556 510 integer
1590 449 1854 514 longinqua
1893 454 1943 497 et

265 522 398 582 avia,
440 518 675 567 vulnerati
715 525 874 566 castra
897 519 1203 583 repetivere,
1240 519 1465 566 virtutem
1494 521 1655 582 regis,
1693 518 1941 568 saevitiam

266 598 314 639 et
343 590 513 654 copias
543 590 774 652 gentium,
805 595 978 637 cuncta
1005 596 1134 636 metu
1162 588 1470 652 extollenteS,
1498 588 1630 639 facili
1659 587 1941 638 credulitate

207 675 431 724 meorum
464 661 542 723 qui
581 659 750 708 eadem
777 658 1035 723 pavebant.
1087 673 1147 706 ne
1179 658 1275 707 dux
1301 657 1490 724 quidem
1520 659 1669 708 obniti
1702 659 1940 721 adversis,

203 764 206 767 -
266 730 353 780 sed
391 737 562 779 cuncta
593 729 787 778 militiae
823 730 978 777 munia
1006 729 1315 793 deseruerat,
1349 729 1507 778 missis
1541 731 1711 778 iterum
1738 729 1798 778 ad
1825 727 1941 778 Cor-

265 801 492 850 bulonem
522 799 778 864 precibuS,
819 801 1009 848 veniret
1037 814 1280 864 propere,
1321 800 1458 863 signa
1487 807 1535 848 et
1570 800 1756 864 aquilas
1784 806 1833 848 et
1857 813 1942 848 no·

265 887 373 920 men
405 870 642 934 reliquum
676 869 887 918 infelicis
918 870 1163 918 exercitus
1197 877 1436 919 tueretur:
1477 885 1533 919 se
1568 869 1710 919 fidem
1740 869 1942 932 interim,

266 942 424 991 donec
454 942 545 989 vita
574 939 864 1004 subpeditet,
895 947 1185 989 retenturos

372 1011 453 1060 12.
493 1010 583 1059 Ille
614 1011 858 1059 interritus
887 1017 934 1058 et
961 1017 1099 1075 parte
1128 1012 1376 1075 copiarum
1397 1010 1522 1076 apud
1546 1011 1733 1062 Suriam
1753 1011 1951 1074 relicta,

266 1090 314 1131 ut
339 1082 624 1130 munimenta
652 1079 886 1144 Euphrati
913 1081 1124 1144 inposita
1150 1082 1500 1144 retinerentur,
1543 1096 1635 1146 qua
1674 1082 1944 1146 proximum

267 1160 314 1201 et
340 1150 684 1200 commeatibus
711 1164 808 1198 non
835 1165 1067 1213 egenum,
1096 1152 1348 1214 regionem
1376 1149 1777 1215 Commagenam,
1817 1152 1945 1200 exim

269 1221 662 1287 Cappadociam,
697 1219 805 1269 inde
844 1220 1103 1269 Armenios
1143 1221 1353 1285 petivit„
1383 1222 1731 1271 comitabantur
1756 1222 1944 1272 exerci-

228 1300 366 1342 5tum
406 1299 602 1357 praeter
644 1290 734 1339 alia
774 1298 910 1340 sueta
948 1290 1079 1340 bello
1111 1305 1283 1354 magna
1325 1293 1397 1340 vis
1439 1292 1731 1341 camelorum
1776 1298 1946 1341 onusta

265 1363 517 1424 frumenti,
558 1369 607 1410 ut
643 1361 781 1409 simul
819 1361 1010 1410 hostem
1043 1361 1315 1426 famemque
1342 1362 1633 1427 depelleret.
1689 1361 1890 1427 primum
1916 1376 1946 1410 e

269 1431 508 1498 perculsis
558 1431 781 1480 Paccium
821 1432 959 1496 primi
1013 1431 1099 1496 pili
1142 1428 1479 1481 'centurionem
1525 1431 1718 1482 obvium
1762 1431 1943 1495 habuit,

268 1503 378 1552 dein
412 1502 679 1567 plerosque
715 1501 938 1558 militum;
979 1515 1101 1566 quos
1138 1501 1355 1551 diversas
1394 1502 1539 1567 fugae
1576 1517 1747 1552 causas
1776 1501 1944 1551 obten-

263 1573 439 1625 dentes
466 1571 627 1621 redire
655 1571 714 1621 ad
743 1572 881 1635 signa
906 1579 953 1620 et
974 1572 1275 1621 clementiam
1297 1571 1431 1622 Paeti
1451 1572 1666 1637 experiri
1689 1571 1943 1622 monebat:

210 1658 251 1692 10
269 1659 323 1693 se
359 1643 450 1690 nisi
484 1642 750 1691 victoribus
790 1643 1015 1691 immitem
1040 1656 1168 1690 esse.
1224 1642 1363 1690 simul
1399 1657 1510 1691 suas
1546 1642 1768 1705 legiones
1794 1641 1944 1706 adire,

267 1714 478 1776 hortari,
518 1714 728 1777 priorum
765 1711 1051 1776 admonere,
1087 1718 1262 1760 novam
1287 1712 1495 1775 gloriam
1524 1711 1801 1761 ostendere.
1850 1726 1946 1762 non

266 1785 409 1832 vicos
436 1789 515 1831 aut
546 1781 723 1846 oppida
753 1781 1115 1845 Armeniorum,
1159 1782 1244 1830 sed
1282 1790 1440 1831 castra
1476 1782 1694 1832 Romana
1730 1781 1946 1847 duasque

268 1853 316 1900 in
344 1853 403 1900 iis
442 1852 667 1915 legiones
709 1853 913 1916 pretium
949 1850 1134 1900 laboris
1165 1853 1280 1917 peti.
1337 1853 1377 1901 si
1410 1852 1613 1916 singulis
1639 1851 1944 1917 manipulari·

269 1922 360 1971 hus
387 1923 653 1987 praecipua
691 1923 871 1970 servati
910 1922 1029 1970 civis
1057 1936 1238 1970 corona
1265 1923 1575 1987 imperatoria
1601 1937 1740 1971 manu
1767 1921 1946 1972 tribue-

212 2011 254 2045 15
272 2000 431 2054 retur,
469 1991 598 2057 quod
634 1991 751 2041 illud
788 1999 835 2040 et
865 1999 1087 2056 quantum
1114 1992 1278 2056 decus,
1307 1992 1386 2041 ubi
1414 2008 1502 2058 par
1527 2007 1694 2042 eorum
1722 2004 1947 2047 numerus
1975 2003 1976 2030 ὲ

270 2063 597 2128 aspiceretur,
636 2062 715 2127 qui
753 2061 1036 2112 adtulissent
1066 2062 1268 2111 salutem
1296 2070 1344 2111 et
1383 2064 1462 2127 qui
1498 2062 1832 2127 accepissent!
1872 2061 1953 2110 his-

272 2140 414 2197 atque
448 2132 622 2181 talibus
660 2133 707 2180 in
750 2146 998 2181 commune
1042 2133 1233 2182 alacres
1282 2134 1358 2197 (et
1394 2140 1530 2181 erant
1567 2146 1688 2197 quos
1729 2131 1948 2197 pericula

269 2203 466 2252 fratrum
494 2210 574 2251 aut
603 2203 984 2268 propinquorum
1010 2203 1220 2267 propriis
1251 2201 1451 2251 stimulis
1471 2201 1813 2264 incenderent)
1832 2215 1945 2251 con-

270 2274 449 2321 tinuum
476 2272 555 2321 diu
581 2280 827 2337 noctuque
851 2274 943 2321 iter
968 2271 1314 2337 properabant.

381 2342 460 2391 13.
494 2342 667 2407 quue
694 2344 921 2391 intentius
949 2342 1234 2406 Vologeses
1263 2357 1486 2407 premere
1513 2341 1774 2405 obsessoS,
1800 2341 1944 2391 modo

271 2412 448 2461 vallum
474 2411 736 2476 legionum,
765 2412 908 2461 modo
939 2413 1213 2475 castellum,
1255 2427 1349 2477 quo
1387 2412 1580 2462 inbellis
1608 2420 1742 2462 aetas
1781 2412 1943 2461 desem

272 2481 498 2546 debatur,
528 2481 824 2547 adpugnare,
853 2484 1056 2547 propius
1094 2481 1324 2531 incedens
1352 2498 1492 2548 quam
1522 2497 1625 2532 mos
1649 2482 1865 2544 ParthiS,
1905 2481 1944 2530 si

273 2567 331 2601 ea
358 2554 627 2601 temeritate
654 2552 842 2602 hostem
876 2554 923 2601 in
948 2552 1185 2616 proelium
1216 2552 1434 2602 eliceret.
1496 2561 1543 2603 at
1573 2553 1642 2602 illi
1673 2554 1752 2600 vix
1780 2559 1945 2601 contu-

233 2622 453 2671 5berniis
492 2625 721 2687 extracti,
767 2637 860 2671 nec
897 2622 1025 2671 aliud
1061 2638 1199 2687 quam
1235 2625 1520 2672 munimenta
1559 2621 1942 2687 propugnabant,

272 2707 386 2757 pars
418 2694 548 2741 iussu
573 2691 735 2756 ducis,
765 2700 812 2741 et
839 2693 917 2741 alii
950 2695 1149 2757 propria
1181 2694 1372 2756 ignavia
1399 2700 1477 2742 aut
1506 2691 1827 2742 Corbulonem
1857 2705 1941 2756 op-

272 2764 537 2827 perientes,
568 2778 623 2811 ac
657 2765 730 2811 vis
757 2763 807 2811 si
831 2764 1098 2826 ingrueret,
1129 2765 1338 2827 provisis
1367 2762 1605 2826 exemplis
1631 2761 1799 2811 cladis
1822 2760 1939 2811 Cau-

273 2831 412 2880 dinae
442 2831 876 2897 Numantinaeque;
916 2848 1073 2897 neque
1111 2833 1311 2882 eandem
1344 2834 1437 2880 vim
1458 2831 1744 2880 Samnitibus
1773 2831 1949 2881 Italico?

277 2902 459 2965 populo
489 2917 545 2950 ac
572 2901 773 2963 Parthis,
802 2903 1003 2952 Romani
1033 2904 1219 2967 imperii
1246 2903 1458 2951 aemulis.
1514 2902 1718 2950 validam
1748 2912 1958 2966 quoque,

218 2989 258 3022 10
276 2977 322 3017 et
349 2970 584 3019 laudatam
604 2973 949 3036 antiquitatem,
979 2975 1198 3036 quotiens
1226 2972 1412 3021 fortuna
1436 2979 1600 3020 contra
1624 2972 1775 3036 daret,
1803 2967 1947 3020 saluti·
