1976 3224
567 163 571 166 ’
600 189 775 227 LIBER
795 189 910 226 x1v.
941 188 1063 226 CAP.
1089 187 1288 230 53—58.
1681 178 1784 228 277

228 320 310 369 56.
353 319 531 365 Verum
559 323 606 364 et
636 315 718 363 tibi
746 314 899 362 valida
926 322 1058 363 aetas
1079 322 1125 362 et
1146 314 1320 362 fructui
1344 329 1502 363 rerum
1525 315 1784 378 suffic-iens,

40 398 45 406 “
118 397 173 435 et
198 402 286 436 nos
311 387 460 451 prima
491 385 678 449 imperii
704 385 855 448 spatia
885 384 1200 447 ingredimur:
1235 386 1361 448 quin,
1390 385 1429 431 si
1457 399 1548 448 qua
1575 386 1622 433 in
1647 392 1786 449 parte

118 458 352 506 lubricum
377 455 732 504 adulescentiae
755 461 948 502 nostrae
980 454 1214 516 declinat,
1241 468 1448 502 revocas
1475 461 1785 518 ornatumque

121 527 268 577 robur
306 524 516 574 subsidio
551 524 796 588 inpensius
833 523 999 586 regis?
1046 537 1141 571 non
1176 531 1253 572 tua
1283 524 1575 587 moderatio,
1613 525 1652 572 si
1678 524 1784 572 red-

123 597 298 646 dideris
338 595 616 660 pecuniam,
658 609 750 642 nec
787 593 949 656 quieS,
1000 594 1039 641 si
1079 593 1333 657 reliqueris
1369 593 1663 658 principem,
1700 593 1818 646 seds

121 681 226 715 mea
267 665 490 727 avaritia,
527 678 663 712 meae
703 662 995 711 crudelitatis
1021 671 1175 711 metus
1207 665 1250 710 in
1280 677 1366 710 ore
1393 665 1596 711 omnium
1622 678 1786 712 versa-

122 736 262 785 bitur.
314 733 441 799 quod
478 735 517 783 si
553 735 754 781 maxime
793 734 1083 781 continentia
1118 740 1196 781 tua
1232 732 1479 794 laudetur,
1507 747 1604 781 non
1629 740 1786 781 tamen

123 806 326 868 sapienti
362 804 466 852 viro
504 803 730 851 decorum
768 802 934 865 fuerit,
981 802 1103 850 unde
1156 803 1308 851 amico
1355 803 1594 850 infamiam
1632 810 1787 866 paret,

121 876 229 924 inde
254 874 458 936 gloriam
486 872 575 921 sibi
600 872 862 934 recipere.'
916 872 988 920 his
1019 872 1161 920 adicit
1194 871 1497 936 complexum
1525 880 1571 920 et
1600 872 1785 933 oscula,

119 945 275 994 factus
313 950 476 991 natura
514 949 561 990 et
597 940 939 989 consuetudine
978 943 1220 989 exercitus
1253 942 1418 990 velare
1458 941 1614 990 odium
1650 941 1845 993 falla-1¹³

122 1013 255 1063 cibus
291 1011 545 1060 blanditiis.
612 1012 827 1073 Seneca,
869 1012 948 1074 qui
985 1012 1092 1059 linis
1131 1013 1335 1059 omnium
1373 1026 1479 1059 cum
1518 1011 1787 1059 dominante

122 1097 405 1143 sermonum,
433 1089 597 1144 grates
617 1082 740 1143 agit:
769 1080 855 1128 sed
875 1081 1082 1129 instituta
1105 1082 1281 1144 prioris
1307 1082 1553 1145 potentiae
1580 1095 1786 1129 commu-

115 1154 214 1216 tat,
255 1151 478 1215 prohihet
505 1158 672 1198 coetus
701 1150 1025 1213 salutantium,
1060 1150 1177 1199 vitat
1204 1152 1500 1212 comitantis,
1537 1165 1674 1199 rarus
1700 1165 1788 1214 per

122 1222 315 1282 urbem,
355 1223 488 1284 quasi
516 1219 789 1268 valetudine
829 1220 1013 1268 infensa
1043 1227 1122 1267 aut
1151 1221 1416 1284 sapientiae
1455 1219 1622 1268 studiis
1660 1220 1787 1268 domi

121 1292 430 1340 adtineretur.
1803 1308 1841 1341 1⁵

226 1361 308 1407 57.
351 1359 583 1407 Perculso
621 1360 808 1407 Seneca
836 1365 1104 1423 promptum
1137 1359 1224 1406 fuit
1258 1359 1431 1408 Rufum
1463 1359 1691 1408 Faenium
1719 1360 1786 1407 in-

122 1432 333 1478 minuere
363 1429 662 1492 Agrippinae
689 1429 939 1476 amicitiam
970 1430 1015 1475 in
1045 1442 1104 1476 eo
1136 1429 1507 1477 criminantibus.
1565 1430 1786 1478 validior-

124 1515 214 1564 que
254 1501 300 1546 in
337 1498 440 1547 dies
467 1498 735 1561 Tigellinus
763 1505 809 1545 et
833 1498 980 1546 malas
1010 1505 1167 1559 arteS,
1208 1498 1377 1561 quibus
1406 1500 1523 1547 solis
1552 1498 1786 1562 pollebat,

121 1570 364 1633 gratiores
389 1575 536 1630 ratuS,
566 1570 603 1615 si
633 1569 898 1633 principem
920 1567 1154 1616 societate
1180 1567 1420 1616 scelerum
1443 1568 1786 1631 obstringeret,

121 1645 273 1688 metus
301 1639 403 1686 eius
437 1638 653 1694 rimatur;
694 1645 1023 1702 conpertoque
1050 1636 1264 1685 Plautum
1294 1645 1340 1685 et
1371 1638 1549 1686 Sullam
1580 1640 1783 1687 maxime
1807 1652 1827 1683 5

120 1709 300 1769 timeri,
336 1707 550 1756 Plautum
583 1709 629 1756 in
665 1706 853 1769 Asiam,
893 1706 1072 1755 Sullam
1102 1708 1149 1754 in
1186 1706 1387 1756 Galliam
1420 1707 1788 1757 Narbonensem

121 1792 274 1842 nuper
303 1784 507 1840 amotos,
533 1776 828 1825 nobilitatem
860 1791 1023 1825 eorum
1046 1783 1093 1825 et
1114 1778 1414 1842 propinquos
1435 1777 1545 1826 huic
1571 1777 1787 1839 orientiS,

121 1847 191 1896 illi
226 1845 508 1896 Germaniae
547 1847 790 1895 exercitus
827 1854 1184 1895 commemorat.
1237 1861 1333 1895 non
1369 1862 1447 1910 se,
1489 1855 1539 1896 ut
1571 1847 1786 1910 Burrum,

124 1917 342 1965 diversas
380 1930 521 1979 speS,
566 1915 651 1964 sed
690 1915 841 1963 solam
880 1915 1253 1964 incolumitatem
1287 1916 1497 1965 Neronis
1535 1924 1785 1981 spectare;

124 1986 197 2035 cui
228 1986 390 2034 caveri
420 1992 673 2048 utcumque
698 1984 756 2032 ab
784 1984 976 2033 urbanis
1003 1984 1181 2033 insidiis
1203 1988 1446 2049 praesenti
1469 2002 1646 2051 opera:
1680 1987 1783 2034 lon·
1803 1997 1844 2031 ιο

122 2057 331 2120 ginquos
364 2062 518 2102 motus
547 2069 750 2119 quonam
773 2054 918 2102 modo
951 2055 1196 2119 comprimi
1225 2054 1407 2120 posse?
1457 2063 1647 2104 erectas
1677 2056 1785 2105 Gal-

123 2125 213 2174 lias
240 2124 298 2173 ad
323 2139 496 2173 nomen
523 2124 849 2186 dictatorium,
875 2139 967 2172 nec
990 2125 1140 2172 minus
1168 2139 1432 2188 suspensos
1456 2125 1603 2174 Asiae
1634 2140 1784 2190 popu—

122 2194 198 2244 los
227 2193 507 2243 claritudine
534 2194 607 2242 avi
633 2193 791 2241 Drusi.
843 2193 1022 2242 Sullam
1063 2194 1278 2258 inopem,
1314 2195 1438 2243 unde
1476 2196 1786 2259 praecipuam

123 2263 381 2325 audaciam,
409 2271 456 2311 et
482 2263 802 2311 simulatorem
827 2264 1087 2326 segnitiae,
1115 2263 1221 2311 dum
1248 2265 1500 2313 temeritati
1526 2264 1685 2313 locum
1711 2280 1786 2313 re-

54 2339 58 2342 ’
124 2333 320 2398 periret.
372 2332 584 2381 Plautum
621 2333 804 2394 magnis
842 2333 1013 2397 opibus
1052 2348 1112 2381 ne
1152 2334 1337 2396 fingere
1374 2334 1562 2399 quidem
1606 2334 1844 2399 cupidi-15

124 2417 231 2450 nem
259 2402 358 2466 otii,
384 2402 468 2451 sed
493 2410 708 2450 veterum
737 2403 1056 2451 Romanorum
1081 2404 1368 2451 imitamenta
1400 2403 1680 2468 praeferre,
1707 2403 1785 2451 ad-

126 2479 310 2535 sumpta
348 2473 487 2520 etiam
516 2473 785 2520 Stoicorum
821 2472 1100 2535 adrogantia
1128 2480 1384 2536 sectaque,
1422 2488 1544 2536 quae
1571 2473 1787 2520 turbidos

126 2549 173 2590 et
200 2542 506 2604 negotiorum
533 2540 815 2605 adpetentes
834 2543 991 2590 saciat.
1041 2557 1132 2590 nec
1153 2542 1272 2590 ultra
1294 2557 1442 2589 mora.
1492 2541 1625 2590 Sulla
1646 2549 1785 2590 sexto

125 2610 202 2659 die
247 2612 492 2674 pervectis
534 2610 793 2659 Massiliam
841 2610 1211 2675 percussoribus
1253 2619 1359 2658 ante
1406 2618 1579 2659 metum
1621 2619 1667 2660 et
1709 2627 1784 2659 ru-

125 2693 303 2728 morem
349 2680 655 2741 interficitur,
705 2694 806 2726 cum
850 2679 1071 2743 epulandi
1109 2695 1249 2727 causa
1286 2679 1623 2728 discumberet.
1676 2696 1784 2745 per·
1802 2696 1845 2729 20

60 2760 64 2763 ’
127 2748 270 2798 latum
310 2757 453 2814 caput
491 2749 593 2797 eius
630 2748 788 2796 inlusit
826 2748 956 2799 Nero
1003 2755 1236 2812 tamquam
1274 2757 1571 2812 praematura
1615 2751 1786 2798 canitie

129 2817 359 2867 deforme.
1536 2868 1541 2873 ,

234 2889 313 2937 58.
353 2887 521 2936 Plauto
550 2889 706 2952 parari
732 2901 898 2935 necem
927 2901 1019 2934 non
1050 2886 1250 2950 perinde
1279 2886 1515 2934 occultum
1548 2887 1650 2950 fuit,
1680 2888 1787 2952 quia
