1976 3224
278 184 343 234 78
715 196 988 237 CORNELII
1009 175 1202 239 norm
1223 202 1529 242 ANNALIUM

221 335 266 369 15
285 323 530 385 potentiae
557 322 801 386 explevit,
832 326 1110 391 caniturque
1136 326 1292 378 adhuc
1316 330 1548 380 barbaras
1587 332 1712 396 apud
1753 305 1970 398 gentes‚{

280 389 574 439 Graecorum
604 392 852 442 annalibus
877 395 1095 458 ignotuS‚
1124 399 1203 460 qui
1231 414 1315 448 sua
1340 406 1517 448 tantum
1553 401 1810 464 mirantur,
1848 395 1969 456 lio-³:

278 460 426 507 manis
454 460 577 509 haud
605 459 1075 527 perindecelebriffi
1114 467 1221 515 dum
1262 475 1431 517 vetera
1467 469 1740 519 extollimus
1774 471 1970 539 recen-J

278 529 389 577 tium
417 530 662 578 incuriosi.
1952 543 1976 564 s<

613 944 1171 1014 CORNELII
1224 949 1612 1019 TACITI

688 1076 765 1127 AB
809 1075 1062 1131 EXCESSU
1106 1078 1227 1131 mvl
1272 1079 1522 1134 AUGUSTI

511 1195 583 1271 A
675 1194 748 1271 N
835 1195 910 1273 N
998 1198 1070 1275 A
1158 1198 1227 1276 L
1317 1200 1359 1276 I
1446 1200 1521 1277 U
1608 1202 1698 1280 M
1955 1214 1976 1333 j

922 1340 1192 1406 LissER
1230 1342 1334 1394 ΠΙ.

1947 1549 1956 1577 ς

270 1594 625 1647 BREVIARIUM.
652 1597 768 1651 Cap.
796 1598 834 1638 l.
874 1599 1113 1653 Agrippina
1153 1613 1246 1640 cum
1285 1613 1390 1641 urna
1427 1600 1548 1642 ferali
1584 1614 1739 1656 magno
1774 1591 1961 1656 planctu}

327 1653 488 1705 passim
516 1654 736 1706 excipitur.
797 1655 837 1695 2.
878 1655 1087 1696 Funerum
1126 1658 1356 1698 sollemnia.
1417 1658 1628 1699 Primores
1663 1658 1779 1699 urbis
1817 1659 1973 1700 obvii.x·

327 1709 368 1750 3.
400 1709 607 1758 Tiberius,
635 1711 833 1764 Augusta
857 1718 896 1752 et
922 1713 1104 1754 Antonia
1131 1714 1299 1767 publico
1329 1715 1553 1755 abstinent.
1601 1717 1643 1756 4.
1674 1715 1839 1756 Maeror
1863 1694 1966 1770 pu]

330 1766 477 1805 blicus.
529 1766 570 1806 5.
600 1766 807 1817 Tiberim,
836 1781 989 1822 parcus
1018 1771 1136 1811 visus
1165 1771 1208 1810 in
1238 1771 1483 1811 honorando
1503 1770 1671 1824 funere,
1700 1770 1744 1814 6.
1770 1771 1971 1814 excusat&

329 1835 374 1862 se
403 1829 444 1862 et
468 1823 672 1876 populum
698 1825 835 1878 erigit.
895 1827 934 1866 7.
973 1827 1179 1867 Iustitium
1217 1829 1433 1869 omissum.
1483 1828 1646 1870 Drusus
1672 1828 1726 1870 ad
1754 1828 1948 1881 Illyricos.

329 1880 537 1920 exercitus
563 1879 660 1919 abit.
717 1881 757 1922 8.
784 1881 887 1923 -Piso
916 1883 970 1923 ad
997 1883 1200 1935 Drusum,
1240 1885 1281 1927 9.
1312 1885 1408 1925 inde
1433 1886 1609 1926 Romam
1633 1885 1761 1926 alacri
1787 1886 1944 1937 animo²>

330 1937 398 1979 10.
426 1935 525 1976 Mox
553 1945 786 1978 accusatur.
814 1939 1016 1994 Princeps
1045 1953 1216 1982 causam
1241 1942 1295 1982 ad
1322 1948 1513 1983 senatum
1537 1943 1722 1986 remittit.
1770 1942 1839 1985 11.
1862 1942 1922 1982 Pa
1936 1940 1942 1988 ζ

321 1994 438 2035 troni
463 2006 535 2034 reo
564 1996 756 2046 quaesiti.
814 1996 882 2037 12.
915 1998 1071 2039 Tiberii
1099 1999 1229 2040 oratio
1256 1999 1310 2040 ad
1337 2006 1494 2052 patres.
1560 1999 1628 2042 13.
1657 2000 1727 2041 14.
1757 1998 1942 2048 Accusa]v

327 2058 466 2092 torum
495 2052 824 2093 criminationem
850 2067 946 2095 reus
973 2056 1082 2096 male
1106 2057 1239 2096 diluit.
1290 2057 1337 2096 In
1363 2069 1457 2096 eum
1482 2056 1642 2097 iudices
1670 2055 1784 2097 haud
1802 2055 1947 2109 proni‘

326 2109 510 2163 populus
540 2109 862 2151 offensissimus.
925 2112 990 2153 15.
1022 2112 1222 2158 Plancina
1255 2125 1425 2154 causam
1454 2126 1574 2154 suam
1602 2113 1814 2154 dissociat.
1872 2112 1968 2163 Pis-1·

328 2167 444 2207 sonis
469 2178 598 2215 mors,
632 2166 700 2207 16.
731 2168 902 2208 dubium
927 2167 985 2209 'an
1013 2170 1145 2219 iussu,
1173 2176 1212 2209 et
1237 2170 1291 2210 ad
1306 2170 1516 2210 Tiberium
1543 2170 1735 2210 codicilli.
1781 2169 1849 2210 17.
1872 2143 1963 2228 1857}

324 2223 422 2264 Piso
466 2222 578 2263 filius
626 2224 879 2275 absolvitur,
925 2226 1125 2266 Plancina
1162 2227 1382 2280 Augustae
1424 2227 1622 2280 precibus
1666 2226 1961 2267 condonatur-'¹

327 2279 562 2320 Sententias
593 2281 635 2319 in
661 2281 858 2322 Pisonem
886 2283 1083 2336 princeps
1116 2283 1293 2337 mitigat.
1343 2283 1540 2323 Adulatio
1570 2283 1807 2336 impudens.
1872 2282 1938 2324 19.

325 2335 488 2376 Drusus
519 2343 627 2376 ovat.
684 2338 889 2391 Vipsania
918 2340 1104 2380 moritur.
1166 2340 1235 2381 20.
1265 2339 1510 2383 Tacfarinas
1541 2340 1692 2380 bellum
1726 2340 1768 2379 in
1794 2339 1939 2379 Africa

325 2399 511 2433 renovat.
566 2393 635 2434 21.
667 2395 715 2434 Id
740 2395 918 2447 Apronii
947 2396 1168 2435 severitate
1194 2397 1455 2449 opprimitur.
1497 2397 1567 2437 22.
1600 2395 1760 2449 Lepida
1782 2408 1946 2449 suppo-¹

326 2449 397 2489 siti
420 2457 581 2502 partus,
604 2451 812 2501 adulterii,
835 2452 1026 2492 veneficii
1047 2459 1253 2493 accusata.
1286 2452 1357 2496 23.
1382 2453 1547 2493 Tiberio
1569 2453 1769 2506 perplexe
1787 2459 1943 2506 agente.

309 2506 558 2553 damnatur.
605 2508 674 2548 24.
699 2507 866 2549 Silanus
892 2509 1008 2548 exilii
1028 2509 1194 2549 veniam
1214 2511 1423 2563 impetrat.
1473 2509 1541 2550 25.
1570 2509 1659 2549 Lex
1677 2509 1807 2562 Papia
1828 2509 1939 2562 Pop-
1975 2540 1976 2543 η

324 2575 445 2617 paea.
490 2562 720 2605 Delatores.
773 2565 843 2606 26.
878 2565 1091 2605 Excursus
1120 2566 1172 2606 de
1194 2567 1383 2620 legibus,
1420 2578 1526 2617 quae
1559 2565 1677 2605 initio
1710 2578 1871 2619 paucae
1900 2570 1939 2606 et
1975 2585 1976 2591 =

329 2619 555 2673 simplices,
584 2621 786 2675 paulatim
811 2623 961 2676 primo,
991 2622 1060 2662 27.
1092 2623 1189 2663 dein
1210 2625 1252 2663 in
1275 2624 1526 2663 immensum
1553 2628 1711 2662 auctae.
1759 2622 1831 2666 28.
1856 2623 1938 2662 Ea·

325 2689 418 2717 rum
449 2680 650 2719 correctio
684 2684 853 2723 tentata.
914 2679 983 2721 29.
1025 2678 1135 2719 Nero
1168 2678 1401 2720 Germanici
1432 2680 1485 2720 ad
1516 2678 1698 2719 honores
1720 2685 1937 2732 promotus

324 2734 473 2774 Iuliam
494 2735 621 2786 ducit,
661 2735 787 2776 Drusi
806 2736 947 2776 filiam.
995 2735 1065 2777 30.
1089 2736 1253 2777 Volusii
1272 2743 1311 2776 et
1334 2736 1521 2776 Sallustii
1540 2747 1653 2775 mors
1676 2742 1716 2775 et
1735 2737 1939 2790 elogium.

322 2790 457 2830 Aulae
481 2793 668 2844 potentia
694 2792 834 2833 infida.
1936 2840 1937 2843 Ἴ

412 2847 481 2889 31.
525 2848 715 2889 Tiberius
766 2857 805 2889 et
843 2850 1005 2890 Drusus
1042 2863 1149 2891 coss.
1191 2850 1465 2891 Irreverentia
1506 2849 1732 2905 iuventutis
1778 2850 1939 2889 notata:

324 2902 499 2943 Viarum
526 2918 636 2945 cura.
684 2905 753 2946 32.
787 2905 1030 2947 Tacfarinas
1063 2907 1200 2946 turbat
1232 2908 1394 2947 iterum.
1445 2906 1630 2958 Lepidus
1667 2907 1796 2946 Asiae
1837 2916 1937 2958 pro-¹
