1976 3224
439 207 615 245 LIBER
637 207 712 244 vt.
744 205 867 244 CAP.
895 203 1100 246 52—56
1131 190 1402 257 (46—50).
1659 190 1752 236 177

91 344 318 404 spectare
356 338 448 385 iam
484 351 538 384 se
576 337 732 384 acrius
772 335 1042 397 servitium,
1082 347 1240 397 eoque
1276 332 1449 395 fugere
1488 329 1624 379 simul
1651 337 1815 378 acta15

90 416 139 457 et
170 407 408 456 instantia.
461 404 584 454 haec
624 406 745 453 vatis
784 405 831 452 in
871 403 1059 452 modum
1101 403 1321 451 dictitans
1359 415 1509 449 venas
1540 399 1757 448 resolvit.

90 477 379 526 documento
407 474 657 539 sequentia
684 480 822 523 erunt
850 473 976 521 bene
1002 473 1276 521 Arruntium
1305 478 1460 520 morte
1487 484 1637 518 usum.
1675 468 1759 517 Al-

91 546 271 595 bucilla
310 545 450 594 inrito
485 546 584 592 ictu
622 543 680 592 ab
715 551 869 593 semet
898 543 1146 591 vulnerata
1182 542 1313 590 iussu
1351 547 1544 588 senatus
1570 540 1616 586 in
1658 553 1760 586 car-

93 631 256 665 cerem
281 615 460 664 fertur.
521 621 794 678 stuprorum
832 613 935 661 eius
975 612 1199 675 ministri,
1242 609 1487 660 Carsidius
1518 607 1760 658 Sacerdos

90 685 361 751 praetorius
395 691 445 732 ut
482 685 528 731 in
567 683 767 732 insulam
806 682 1167 749 deportaretur,
1207 681 1401 730 Pontius
1439 678 1757 741 Fregellanus
1778 690 1818 721 ‘20

91 757 330 804 amitteret
356 752 572 802 ordinem
599 754 912 814 senatorium,
946 759 994 800 et
1022 751 1221 800 eaedem
1253 765 1441 814 poenae
1473 751 1519 797 in
1550 748 1761 796 Laelium

87 823 286 874 Balbum
322 822 671 884 decernuntur,
716 823 763 871 id
802 821 990 886 quidem
1018 836 1044 870 a
1080 820 1390 883 laetantibuS,
1434 819 1544 884 quia
1583 816 1760 866 Balbus

91 895 212 943 truci
247 893 526 957 eloquentia
553 891 847 955 habebatur,
877 898 1127 956 promptus
1157 890 1409 939 adversum
1440 891 1671 938 insonteS.

194 965 279 1013 55.
313 962 471 1011 Isdem
509 961 677 1010 diebus
705 962 820 1010 Sex.
848 961 1074 1026 Papinius
1102 960 1343 1009 consulari
1368 959 1546 1008 familia
1576 963 1819 1023 repen-4⁰

94 1035 238 1082 tinum
260 1039 307 1081 et
323 1032 576 1081 informem
597 1033 776 1080 exitum
801 1030 1001 1094 delegit,
1030 1031 1157 1079 iacto
1186 1032 1231 1078 in
1263 1044 1504 1094 praeceps
1532 1042 1759 1092 corpore.

94 1117 238 1152 causa
262 1101 323 1150 ad
348 1109 548 1150 matrem
575 1100 907 1163 referebatur⁹
939 1114 1062 1165 quae
1091 1099 1274 1165 pridem
1311 1099 1561 1164 repudiata
1593 1097 1761 1145 adsen-

91 1170 351 1222 tationibus
393 1179 534 1235 atque
564 1171 679 1219 luxu
719 1170 1014 1236 perpulisset
1048 1171 1268 1218 iuvenem
1296 1169 1354 1218 ad
1383 1183 1439 1217 ea
1468 1182 1666 1232 quorum
1695 1166 1762 1214 ef-

92 1242 275 1305 fugium
309 1255 404 1289 non
440 1242 528 1289 nisi
563 1248 717 1289 morte
753 1241 1004 1288 inveniret.
1065 1241 1210 1302 igitur
1239 1246 1464 1288 accusata
1499 1239 1546 1286 in
1573 1244 1758 1298 senatu,
1784 1253 1802 1283 5

95 1325 379 1376 quamquam
404 1324 562 1375 genua
588 1317 773 1375 patrum
801 1309 1142 1358 advolveretur
1168 1309 1440 1373 luctumque
1470 1322 1764 1356 communem

35 1416 53 1423 ,
96 1389 144 1429 et
169 1380 324 1443 magis
361 1379 635 1428 inbecillum
670 1379 754 1428 tali
789 1394 934 1444 super
970 1394 1084 1428 casu
1119 1379 1396 1427 feminarum
1424 1379 1623 1426 animum
1649 1376 1762 1424 alia-

96 1465 188 1515 que
214 1451 261 1498 in
289 1449 489 1498 eundem
517 1449 734 1498 dolorem
759 1456 941 1497 maesta
967 1457 1013 1498 et
1041 1448 1310 1497 miseranda
1336 1449 1413 1496 diu
1442 1448 1617 1509 ferret,
1647 1445 1764 1493 urbe

93 1527 252 1568 tamen
279 1520 326 1567 in
352 1518 520 1568 decem
547 1533 698 1567 annos
726 1517 966 1584 prohibita
993 1526 1080 1583 est,
1112 1518 1266 1568 donec
1291 1519 1445 1566 minor
1472 1516 1594 1565 filius
1621 1514 1762 1564 lubri-

95 1604 200 1638 cum
229 1589 452 1637 iuventae
478 1589 649 1637 exiret.
1783 1603 1819 1634 ιο

200 1658 284 1708 56.
328 1657 427 1707 Iam
456 1658 698 1708 Tiberium
724 1673 920 1723 corpuS,
961 1659 1052 1706 iam
1080 1659 1235 1720 vireS‚
1264 1656 1469 1706 nondum
1498 1654 1819 1703 dissimula-50

95 1729 162 1777 tio
189 1727 472 1778 deserebat:
515 1728 638 1777 idem
665 1729 804 1776 animi
837 1729 1002 1792 rigor;
1045 1743 1266 1777 sermone
1301 1742 1358 1775 ac
1387 1726 1519 1774 vultu
1559 1726 1764 1773 intentus

95 1799 310 1862 quaesita
343 1798 576 1846 interdum
606 1799 830 1847 comitate
857 1799 1071 1863 quamvis
1110 1797 1407 1846 manifestam
1443 1795 1765 1844 defectionem

94 1866 311 1929 tegebat.
361 1868 649 1931 mutatisque
685 1868 878 1932 saepius
917 1867 1042 1916 locis
1087 1868 1276 1916 tandem
1315 1866 1440 1932 apud
1488 1871 1763 1929 promuntu-

95 1937 213 1984 rium
250 1935 421 1984 Miseni
461 1936 679 1984 consedit
716 1937 763 1983 in
792 1936 927 1999 villa,
969 1937 1044 1985 cui
1079 1936 1130 1984 L.
1157 1935 1380 1985 Lucullus
1416 1934 1654 2000 quondam
1681 1933 1800 1987 do·s,

95 2006 263 2054 minus.
316 2005 435 2054 illio=
462 2021 567 2053 eum
603 2005 992 2070 adpropinquare
1042 2007 1278 2070 supremis
1324 2005 1406 2053 tali
1451 2004 1591 2053 modo
1638 2017 1763 2051 com-

96 2082 298 2140 pertum.
348 2082 450 2123 erat
486 2075 698 2124 medicus
736 2083 836 2123 arte
873 2075 1100 2138 insignis,
1132 2076 1321 2124 nomine
1349 2073 1629 2134 CharicleS,
1670 2086 1766 2120 non

95 2143 286 2208 quidem
329 2159 506 2208 regere
544 2145 844 2193 valetudines
883 2145 1114 2210 principis
1151 2144 1348 2206 solituS‚
1387 2143 1571 2191 consilii
1610 2150 1767 2190 tamen

97 2215 284 2279 copiam
304 2214 572 2278 praebere.
624 2215 663 2262 is
700 2214 832 2263 velut
867 2218 1062 2279 propria
1098 2214 1154 2262 ad
1183 2214 1381 2277 negotia
1416 2212 1692 2275 digrediens
1720 2219 1767 2259 et

98 2299 185 2348 per
221 2285 436 2348 speciem
463 2284 622 2344 ,officii
666 2299 849 2332 manum
890 2284 1174 2348 complexus
1214 2283 1396 2348 pulsum
1435 2296 1661 2330 venarum
1699 2288 1823 2331 ait-10

96 2353 216 2416 tigit.
260 2368 416 2417 neque
443 2353 640 2402 fefellit:
669 2369 775 2402 nam
800 2353 1046 2417 Tiberim,
1084 2355 1314 2402 incertum
1343 2368 1401 2401 an
1431 2353 1641 2400 offensus
1668 2358 1765 2399 tan-

68 2456 70 2459 ·
99 2429 245 2486 toque
280 2424 432 2485 magis
468 2424 584 2471 iram
621 2438 872 2487 premens,
910 2424 1159 2472 instaurari
1195 2422 1362 2488 epulas
1399 2424 1530 2472 iubet
1565 2422 1765 2470 discum-

98 2490 261 2556 bitque
295 2491 417 2540 ultra
445 2493 663 2555 solitum,
702 2495 835 2557 quasi
875 2493 1044 2542 honori
1086 2493 1304 2541 abeuntis
1342 2493 1479 2540 amici
1517 2490 1764 2538 tribueret.

99 2559 351 2609 Charicles
388 2569 546 2609 tamen
591 2561 686 2610 labi
728 2563 942 2626 spiritum
979 2578 1069 2610 nec
1107 2563 1228 2611 ultra
1270 2561 1461 2610 biduum
1498 2560 1767 2607 duraturum

99 2629 317 2679 Macroni
359 2632 574 2679 firmavit.
625 2630 733 2679 inde
775 2639 942 2680 cuncta
986 2631 1254 2695 conloquiis
1295 2633 1418 2678 inter
1462 2635 1763 2694 praesentes,
1786 2640 1822 2673 15

100 2700 273 2748 nuntiis
310 2701 435 2765 apud
477 2700 668 2763 legatos
709 2708 757 2748 et
803 2702 1043 2749 exercitus
1098 2700 1458 2748 festinabantur.
1516 2699 1766 2762 septimum

100 2766 333 2816 decimum
365 2770 461 2818 kal.
499 2770 682 2835 Aprilis
719 2770 978 2818 interclusa
1015 2770 1166 2817 anima
1203 2769 1415 2817 creditus
1449 2775 1522 2816 est
1559 2769 1763 2816 mortali-

101 2843 245 2885 tatem
272 2840 577 2903 explevisse;
620 2847 666 2887 et
698 2839 844 2887 multo
881 2847 1148 2902 gratantum
1187 2853 1419 2887 concursu
1447 2838 1505 2886 ad
1534 2837 1764 2902 capienda

102 2905 287 2969 imperii
328 2910 584 2971 primordia
622 2908 763 2958 Gaius
805 2908 985 2958 Caesar
1023 2907 1384 2972 egrediebatur,
1428 2923 1531 2956 cum
1565 2914 1765 2972 repente

172 2992 321 3025 murm
347 2995 460 3026 PARS
489 2996 524 3029 ῐ.
1438 2977 1500 3027 12
