1950 3210
119 169 258 209 XLVI
609 167 1062 207 COMMENTARIUS
1102 167 1381 205 CRITICUS.

123 301 169 346 in
199 306 227 345 t.
263 300 294 344 f.
322 306 513 358 recepta
535 299 609 344 He
632 293 650 364 Ι
684 306 739 346 10
763 299 1088 357 perstringor,
1110 311 1193 343 em.
1223 298 1517 357 C‘anneyieter
1548 291 1556 361 Ι
1589 303 1645 346 13
1662 297 1830 342 uisum:

123 370 284 415 fultum
311 369 362 413 N
369 408 379 423 ‚
417 370 577 414 summi
603 370 696 425 (vel
721 374 986 426 usurpatum
1020 369 1204 424 summi)
1241 369 1404 413 Wurm
1431 369 1528 412 coll.
1556 373 1610 424 3,
1638 371 1721 419 563
1761 373 1835 423 15,

123 444 177 488 65
212 432 218 502 Ι
255 443 308 485 14
333 451 589 496 reposcere
616 437 711 482 Hm
741 442 784 481 et
809 436 1122 495 Oelschliiyer:
1149 438 1439 496 respondere
1461 438 1732 494 (repetere,
1757 449 1834 481 re-

124 521 306 554 sumere
327 541 341 564 ,
374 520 632 566 reponere,
660 507 900 566 respicere
928 513 1011 551 etc.
1041 508 1140 562 alii)

268 586 362 645 55,
399 595 425 650 1
459 588 504 633 ei
532 587 750 647 Spenyel:
790 594 835 633 et
863 589 934 644 (et
972 589 1060 633 del.
1087 587 1150 644 L)
1192 580 1199 651 Ι
1242 592 1271 635 4
1307 588 1481 633 abavus
1505 587 1567 632 L.-
1603 601 1715 633 auus
1757 580 1764 649 Ι
1807 594 1835 633 5

123 660 226 717 ipsa
261 656 269 723 Ι
303 664 356 705 15
384 658 476 703 nisi
501 658 625 704 forte
655 690 665 701 .
688 691 699 701 .
728 658 920 717 explere
947 671 1038 702 non
1061 661 1216 716 potest
1244 655 1367 703 Med.
1393 657 1528 702 habet
1542 662 1653 715 post
1674 656 1835 714 ingre-

125 729 273 774 dimur
299 741 412 785 pay,
448 730 556 780 277,
593 730 644 786 2,
671 727 766 772 huc
795 728 1078 785 transposuit
1096 725 1294 785 Spenqel
1323 719 1331 790 Ι
1366 731 1421 775 16
1453 731 1499 771 et
1521 727 1584 779 A:
1623 726 1706 771 sed
1739 717 1746 788 Ι
1779 730 1830 774 17

123 797 171 842 in
195 811 266 842 me
292 811 391 842 mea
419 797 617 842 libertas

266 874 360 934 57,
397 884 454 925 10
478 877 714 935 praesenti
739 891 883 935 opera
913 876 973 920 L.-
1001 877 1325 936 praesentiora
1347 876 1607 936 (praesenti
1637 889 1746 921 cura
1768 873 1832 932 Η,

123 961 275 1006 praes.
296 947 432 1005 copia
471 946 545 991 He
579 948 678 992 coll.
718 951 772 1003 4,
803 951 857 995 47
902 939 908 1010 Ι
953 951 1007 993 12
1043 961 1298 1006 suspensos
1335 946 1398 990 L:
1441 950 1686 1005 suspectos
1728 939 1734 1005 Ι
1779 950 1834 993 13

123 1017 425 1075 praecipuum
449 1016 506 1061 ad
533 1015 771 1062 audaciam
796 1016 868 1060 Bz
889 1017 986 1060 coll.
1013 1021 1066 1073 6,
1085 1021 1111 1065 7
1138 1016 1419 1075 praecipuos
1452 1017 1508 1062 ad
1530 1016 1729 1070 seelera,
1763 1019 1829 1070 14,

123 1092 180 1135 58
204 1085 502 1144 praecipuum
535 1086 593 1131 ad
620 1085 829 1145 pericula
863 1079 870 1148 Ι
903 1091 959 1133 20
982 1086 1208 1144 prelatum
1248 1085 1466 1140 (relatum
1491 1086 1577 1139 al.)

266 1162 361 1224 58,
395 1174 421 1214 5
452 1166 493 1212 si
518 1167 626 1211 add.
653 1167 728 1211 Bz
759 1166 765 1225 Ι
799 1172 826 1215 9
853 1166 1145 1212 transissent.
1178 1167 1303 1223 Una,
1339 1178 1426 1211 em.
1452 1165 1709 1215 Βοωήονης
1740 1179 1831 1222 pro

123 1251 240 1282 vana
267 1237 434 1281 mavult
463 1237 535 1280 Bz
563 1240 761 1293 cuneta,
790 1236 1106 1294 Britzelmayr
1130 1236 1284 1282 inania
1316 1228 1325 1300 Ι
1368 1236 1478 1282 odio
1507 1235 1544 1281 G
1586 1228 1593 1299 Ι
1637 1241 1693 1282 10
1717 1248 1830 1292 age-

121 1307 314 1363 bantur,
352 1318 436 1350 em.
466 1305 649 1351 Medius
691 1298 698 1369 Ι
746 1310 797 1352 12
831 1311 1057 1364 promtum
1080 1306 1198 1350 Hm.-
1237 1305 1378 1351 otium
1413 1305 1483 1361 (in
1522 1305 1620 1351 otio
1659 1303 1830 1348 nullum

134 1375 321 1431 Wurm,
361 1375 547 1420 obvium
592 1374 653 1430 Ο,
691 1388 882 1433 segnem
919 1380 1139 1432 mortem,
1176 1374 1392 1420 inertium
1419 1374 1667 1432 suffugium
1685 1373 1760 1418 He
1782 1375 1830 1418 in

114 1444 331 1505 praef.);
366 1448 494 1489 certa
529 1445 619 1490 loci
639 1436 890 1489 emendatio
913 1445 1112 1489 nondum
1136 1446 1315 1489 inventa
1344 1449 1421 1489 est.
1458 1437 1464 1508 Ι
1500 1458 1558 1489 ex
1582 1443 1703 1489 Hm.-
1744 1447 1790 1486 et
1819 1436 1827 1504 Ι

124 1520 180 1563 13
203 1511 504 1560 ιῃίεθῐαῐίοηέ
537 1509 543 1577 Ι
580 1518 634 1561 14
665 1515 1034 1572 aspernantium,
1062 1527 1146 1560 em.
1172 1513 1248 1558 Pu
1281 1507 1288 1578 Ι
1322 1518 1380 1562 18
1405 1513 1610 1559 audienti

265 1590 363 1650 59,
398 1598 425 1641 6
462 1593 710 1638 Cornutum
735 1593 800 1638 Rz·
840 1586 847 1657 Ι
890 1598 914 1642 7
946 1609 1060 1653 prae
1085 1596 1260 1640 incerta
1289 1595 1343 1640 H
1378 1587 1386 1638 Ι
1427 1600 1482 1642 12
1508 1595 1706 1640 referam
1729 1593 1829 1639 Pu.-

125 1664 387 1709 referebam
419 1657 426 1724 Ι
461 1668 516 1711 13
545 1675 606 1707 ex
628 1663 774 1708 Dione
797 1662 965 1718 LXII,
997 1668 1060 1709 14
1081 1667 1300 1723 supplere
1318 1666 1498 1723 possis.-
1536 1678 1643 1720 cur,
1682 1663 1830 1721 inquit

122 1732 274 1789 Nero,
317 1731 547 1776 hominem
589 1737 798 1778 nasutum
837 1728 1001 1778 timui?
1041 1727 1050 1798 Ι
1095 1739 1152 1782 20
1187 1739 1278 1779 t-um
1316 1734 1433 1779 Hm.-
1483 1739 1572 1778 tam
1618 1733 1728 1787 (iam
1773 1732 1826 1784 F,

123 1808 273 1848 tamen
300 1802 386 1858 al.)

267 1879 359 1939 60,
398 1887 425 1931 6
456 1895 681 1940 eueerns,
711 1895 795 1929 em.
826 1884 874 1928 F
899 1877 906 1948 Ι
940 1885 1266 1942 alexandrina,
1294 1897 1378 1930 em.
1399 1884 1439 1929 L
1470 1877 1477 1946 Ι
1509 1888 1533 1932 7
1565 1898 1650 1943 per
1674 1883 1827 1941 tybias

125 1953 299 2013 (perite
325 1952 439 1997 tibia
460 1951 530 2008 H,
556 1952 708 2011 perite
735 1953 863 1999 tibiis
891 1955 986 2011 Bz)
1030 1954 1036 2014 Ι
1078 1960 1106 2003 8
1131 1959 1181 2000 ut
1210 1954 1328 2000 falsa
1354 1954 1453 1998 Pu.-
1491 1953 1531 1998 si
1560 1953 1676 1999 falsa
1723 1946 1730 2017 Ι
1773 1959 1825 2000 11

126 2027 363 2071 amovetur
387 2022 459 2067 Fa
484 2026 526 2065 et
552 2021 593 2066 Α
635 2020 641 2081 Ι
688 2028 744 2071 13
769 2023 815 2067 in
842 2024 1107 2083 campania,
1133 2036 1219 2069 em.
1244 2023 1318 2069 Pa
1360 2015 1368 2087 Ι
1411 2027 1467 2070 14
1496 2027 1543 2068 et
1567 2023 1687 2068 med.
1706 2022 1827 2069 Hm.-

126 2108 184 2139 ex
211 2092 327 2137 med.
353 2093 422 2146 (et
449 2105 507 2136 ex
531 2092 647 2137 med.
670 2092 765 2148 Pu)
798 2086 805 2155 Ι
841 2098 895 2142 16
919 2095 991 2139 his
1004 2093 1154 2151 Nero,
1183 2106 1472 2152 nequaquam
1496 2105 1629 2151 paen.
1657 2091 1725 2137 D.·
1754 2091 1826 2136 his

127 2175 396 2222 quamquam
430 2160 726 2220 Neropaen.
766 2162 841 2217 (N
850 2169 959 2221 post
991 2164 1064 2208 his
1101 2165 1278 2222 siqnum
1308 2163 1501 2207 lacunae
1531 2162 1687 2218 posuit
1713 2165 1826 2206 tam-

128 2245 260 2290 quam
292 2231 409 2275 idem
446 2231 675 2281 scribens;
713 2231 787 2276 He
811 2238 920 2290 post
955 2232 1121 2290 flagitii
1150 2234 1295 2290 plura
1329 2231 1579 2290 supplevil‚·
1617 2232 1715 2288 ipse
1739 2230 1823 2274 ali·

125 2300 306 2359 quando
342 2301 671 2358 coyilaveram:
716 2301 796 2346 His
834 2315 1103 2359 quamquam
1138 2298 1333 2361 Nero[ni
1362 2300 1487 2345 nulla
1514 2295 1631 2359 erat]
1665 2298 1825 2357 paeni-

127 2370 273 2415 tentia
305 2372 412 2425 etc.)
1797 2418 1799 2421 .

267 2435 327 2484 61
352 2473 365 2496 ,
402 2442 430 2483 2
457 2432 715 2497 prorugunt
741 2441 1064 2498 (prorumpunt
1098 2439 1179 2493 W)
1222 2432 1229 2501 Ι
1273 2443 1300 2485 4
1326 2438 1570 2496 repetitum
1598 2450 1823 2482 veneran-

125 2508 237 2553 tium
262 2508 349 2554 del.
376 2506 463 2558 Ri;
501 2507 616 2567 fort.
655 2508 747 2553 itur
786 2508 921 2554 etiam
947 2508 992 2552 in
1026 2508 1250 2566 principis
1285 2508 1425 2552 aedes
1460 2507 1619 2552 laudes
1649 2505 1823 2563 repeti-

126 2583 218 2622 tum
262 2577 582 2623 venerantium
627 2579 726 2623 coll.
774 2583 854 2635 12,
897 2581 979 2626 37:
1028 2577 1331 2635 Agrippinam
1373 2611 1381 2620 .
1422 2611 1430 2620 .
1468 2567 1821 2631 isdem'quibus

125 2647 382 2706 principem
414 2647 626 2692 laudibus
665 2647 969 2705 gratibusque
996 2646 1205 2692 venerati
1236 2652 1352 2691 sunt.
1398 2641 1405 2709 Ι
1451 2652 1499 2691 11
1535 2643 1611 2701 agi
1649 2642 1714 2687 ait
1736 2642 1821 2687 Ri:

128 2715 204 2773 agi
241 2716 329 2770 (ait
364 2717 458 2772 Bz)
499 2709 508 2780 Ι
560 2721 614 2764 14
653 2716 779 2762 ausis
812 2716 851 2761 L
893 2710 900 2780 Ι
944 2720 997 2764 17
1034 2716 1136 2774 ipsa
1170 2715 1454 2760 Boetticher:
1493 2713 1664 2771 ipsam;
1710 2711 1824 2756 illud

126 2787 438 2829 necessarium
453 2793 652 2844 propter
675 2787 928 2844 oppositum
956 2785 1162 2830 absentis
1197 2778 1204 2846 Ι
1237 2790 1293 2833 20
1314 2785 1492 2839 mallet,
1520 2793 1602 2826 em.
1622 2780 1696 2826 Pu
1717 2781 1821 2836 (da-

128 2858 229 2899 tura
259 2847 352 2899 sit?
383 2854 517 2898 maile
547 2889 556 2898 .
581 2890 589 2898 .
619 2851 798 2899 induci!
837 2856 918 2899 alii
939 2855 1237 2912 distinyuunt)
