1976 3224
585 220 760 257 LIBER
781 219 841 256 11.
871 217 993 256 CAP.
1016 214 1216 258 40-43.
1406 215 1410 220 ’
1668 204 1738 255 59

29 337 38 369 ²*
70 351 196 401 biam
221 351 464 412 omiserat,
498 348 583 397 sed
606 348 664 397 ab
692 348 860 395 intimis
886 345 1091 408 Augusti
1117 345 1343 410 monituS,
1385 344 1494 407 quia
1528 341 1738 390 florente

26 483 27 486 Ἴ
74 421 191 472 Gaio
221 418 431 468 Caesare
470 419 714 481 missoque
742 417 802 464 ad
835 431 915 464 res
953 416 1148 463 orientis
1185 415 1331 462 intuta
1358 413 1538 462 Tiberii
1575 410 1736 459 amici·

19 503 21 505 ’
73 493 139 540 tia
167 488 468 538 credebatur.
525 496 576 536 ut
599 501 742 535 versa
769 484 1027 534 Caesarum
1055 483 1226 532 subole
1252 484 1503 547 imperium
1530 480 1736 544 adeptus
1755 492 1796 525 ιο

73 566 175 621 est,
213 559 345 607 elicit
379 557 670 606 Archelaum
705 556 866 604 matris
900 555 1081 615 literiS,
1130 567 1252 617 quae
1290 567 1389 601 non
1432 550 1740 600 dissimulatis

74 630 156 679 filii
183 627 527 689 offensionibus
556 626 853 674 clementiam
879 623 1143 686 offerebat,
1179 623 1219 670 si
1247 622 1306 671 ad
1330 620 1625 686 precandum
1655 634 1738 667 ve-

73 700 212 747 niret.
273 694 358 745 ille
392 698 587 760 ignarus
625 694 723 744 doli
762 694 869 757 vel,
908 695 948 742 si
982 693 1273 755 intellegere
1307 691 1614 752 crederetur,
1642 691 1739 737 vim

72 774 287 817 metuens
310 767 358 814 in
386 765 552 814 urbem
577 772 831 830 properat:
861 769 1193 827 exceptusque
1213 762 1376 810 immiti
1402 776 1428 810 a
1449 760 1741 824 principeret

73 851 187 886 mox
209 842 462 885 accusatus
487 836 536 883 in
563 841 756 896 senatu,
791 847 887 881 non
922 831 984 881 ob
1023 833 1216 880 crimina
1251 847 1374 895 quae
1414 828 1735 892 fingebantur,
1757 844 1799 877 15

75 913 150 955 set
177 919 375 969 angore,
410 905 546 953 simul
571 905 730 952 fessus
754 905 887 951 senio
915 909 962 950 et
992 902 1100 966 quia
1126 901 1326 963 regibus
1355 914 1532 963 aeq-ua,
1566 898 1741 946 nedum

74 976 230 1024 infima
269 975 460 1023 insolita
499 981 628 1036 sunt,
673 973 815 1022 finem
848 972 976 1020 vitae
1020 978 1193 1034 sponte
1242 986 1302 1019 an
1352 969 1452 1018 fato
1504 967 1740 1032 implevit.

74 1059 274 1108 regnum
301 1044 347 1092 in
373 1044 667 1108 provinciam
698 1042 946 1091 redactum
973 1047 1060 1102 est,
1095 1039 1424 1103 fructibusque
1451 1039 1552 1086 eius
1589 1037 1742 1085 levari

77 1128 224 1179 posse
263 1114 554 1176 centesimae
591 1111 803 1175 vectigal
851 1110 1104 1175 professus
1141 1109 1324 1158 Caesar
1367 1109 1743 1156 ducentesimam

74 1186 122 1232 in
150 1183 596 1247 posterum-statuit.
648 1197 737 1245 per
765 1180 890 1228 idem
915 1187 1102 1244 tempus
1122 1179 1364 1228 Antiocho
1388 1177 1739 1239 Commageno·
1757 1190 1802 1223 20

73 1267 202 1314 rum,
239 1251 552 1316 Philopatore
580 1250 780 1299 Cilicum
815 1249 1013 1312 regibus
1047 1249 1284 1298 defunctis
1314 1246 1625 1296 turbabantur
1659 1261 1741 1294 na-

76 1323 257 1383 tiones,
290 1321 536 1386 plerisque
561 1321 852 1382 Romanum,
882 1319 987 1367 aliis
1012 1319 1198 1381 regium
1228 1318 1482 1382 imperium
1512 1317 1741 1381 cupienti-

74 1391 187 1447 bus;
219 1398 268 1438 et
293 1391 574 1454 provinciae
600 1390 735 1438 Suria
762 1396 906 1452 atque
934 1388 1135 1450 Iudaea,
1166 1389 1329 1437 fessae
1365 1386 1619 1449 oneribuS,
1661 1385 1742 1433 de-

76 1461 382 1508 minutionem
406 1460 567 1508 tributi
595 1458 811 1507 orabant.

181 1529 266 1578 43.
314 1528 465 1591 Igitur
503 1529 627 1577 haec
659 1536 708 1576 et
745 1528 804 1576 de
847 1528 1073 1576 Armenia
1115 1541 1237 1591 quae
1285 1540 1429 1589 supra
1481 1524 1744 1572 memoravi

0 1598 18 1622 ³
77 1598 201 1664 apud
227 1605 389 1662 patres
415 1598 653 1661 disseruit,
681 1613 771 1646 nec
797 1612 944 1661 posse
965 1604 1140 1644 motum
1168 1596 1400 1644 orientem
1425 1595 1516 1643 nisi
1550 1593 1743 1644 Germa-

75 1669 168 1717 nici
206 1668 441 1732 sapientia
478 1669 710 1732 conponi:
760 1681 866 1715 nam
911 1681 1041 1714 suam
1087 1673 1293 1714 aetatem
1329 1679 1565 1727 vergere,
1600 1662 1746 1710 Drusi

75 1736 280 1786 nondum
319 1738 434 1786 satis
474 1732 764 1786 adolevisse.
840 1743 955 1784 tunc
1002 1735 1203 1784 decreto
1249 1742 1433 1800 patrum
1478 1734 1745 1798 permissae

77 1806 359 1856 Germanico
399 1807 679 1870 provinciae
718 1820 840 1869 quae
880 1807 996 1854 mari
1030 1804 1321 1868 dividuntur,
1368 1804 1614 1868 maiusque
1661 1803 1744 1849 im·
1768 1821 1788 1853 5

77 1877 289 1939 perium,
329 1889 523 1938 quoquo
565 1875 770 1937 adisset,
813 1890 950 1939 quam
986 1876 1042 1922 iis
1067 1875 1145 1937 qui
1172 1881 1304 1922 sorte
1331 1881 1410 1923 aut
1441 1875 1588 1922 missu
1618 1874 1745 1936 prin-

79 1945 201 2008 cipis
240 1944 526 1992 obtinerent.
575 1943 662 1992 sed
687 1943 908 1992 Tiberius
936 1943 1215 1992 demoverat
1239 1944 1376 1992 Suria
1406 1942 1647 1992 Creticum
1674 1942 1745 1990 si-

75 2014 246 2076 lanum,
273 2029 362 2078 per
388 2013 678 2062 adfinitatem
706 2027 944 2061 conexum
972 2011 1283 2075 Germanico,
1324 2014 1432 2076 quia
1466 2012 1615 2060 Silani
1650 2010 1746 2059 filia

25 2104 27 2106 ·
76 2082 260 2131 Neroni
285 2083 611 2132 vetustissimo
642 2082 905 2130 liberorum
942 2082 1044 2130 eius
1077 2090 1216 2147 pacta
1251 2089 1380 2142 erat,
1421 2080 1746 2146 praefecerat-

79 2167 169 2216 que
198 2151 282 2200 Cn.
312 2152 553 2215 Pisonem,
587 2153 781 2215 ingenio
806 2152 1066 2200 violentum
1092 2159 1139 2199 et
1162 2150 1382 2214 obsequii
1410 2152 1643 2213 ignarum,
1674 2150 1743 2196 in·
1763 2161 1805 2195 10

22 2247 35 2287 22
79 2223 165 2270 sita
200 2221 386 2270 ferocia
425 2237 451 2271 a
487 2229 624 2287 patre
660 2221 866 2282 Pisone,
908 2222 987 2284 qui
1022 2220 1150 2269 civili
1186 2219 1317 2268 bello
1356 2226 1672 2282 resurgentes
1698 2219 1749 2266 in

16 2292 34 2358 j]
76 2290 241 2345 Africa
270 2298 433 2355 partes
476 2292 713 2340 acerrimo
749 2290 1012 2338 ministerio
1050 2289 1282 2339 adversus
1315 2288 1575 2339 Caesarem
1611 2289 1747 2350 iuvit,

75 2374 187 2409 mox
208 2359 398 2408 Brutum
434 2368 481 2409 et
520 2359 738 2409 Cassium
774 2367 992 2423 secutUS,
1040 2373 1279 2408 concesso
1321 2359 1477 2407 reditu
1514 2359 1748 2423 petitione

14 2435 26 2474 Ἀζ
75 2428 307 2479 honorum
342 2429 596 2492 abstinuit,
642 2430 800 2478 donec
843 2429 966 2478 ultro
1004 2429 1261 2478 ambiretur
1298 2428 1504 2477 delatum
1549 2427 1608 2475 ab
1650 2427 1748 2475 Au-

16 2511 18 2513 ·
77 2505 216 2561 gusto
262 2498 561 2547 consulatum
608 2499 851 2562 accipere.
916 2498 1002 2546 sed
1040 2505 1235 2565 praeter
1282 2505 1512 2563 paternos
1551 2496 1747 2560 spiritus
1764 2510 1807 2545 15

0 2574 2 2578 '
75 2569 240 2615 uxoris
269 2582 463 2631 quoque
489 2567 749 2616 Plancinae
787 2567 1034 2616 nobilitate
1072 2575 1119 2616 et
1157 2566 1331 2631 opibus
1365 2565 1747 2621 accendebatur;

24 2643 28 2646 ’
77 2637 159 2684 vix
183 2635 379 2685 Tiberio
410 2635 712 2698 concedere,
752 2628 944 2684 liberos·
975 2638 1077 2684 eius
1113 2644 1162 2684 ut
1190 2636 1383 2683 multum
1423 2635 1545 2682 infra
1573 2634 1748 2698 despe-

79 2711 225 2754 ctare.
282 2721 373 2754 nec
400 2705 590 2754 dubium
613 2704 822 2754 habebat
847 2719 901 2752 se
928 2704 1192 2766 delectum,
1231 2704 1311 2767 qui
1337 2704 1504 2752 Suriae
1531 2704 1749 2768 impone-

78 2779 207 2822 retur
235 2773 293 2823 ad
320 2790 435 2838 spes
465 2773 734 2825 Germanici
759 2773 1077 2821 coercendas
1133 2772 1385 2821 credidere
1423 2771 1611 2836 quidam
1639 2772 1750 2823 data

78 2847 127 2888 et
154 2857 182 2891 a
208 2842 401 2892 Tiberio
430 2844 619 2893 occulta
649 2842 890 2895 mandata:
935 2849 981 2889 et
1017 2842 1290 2891 Plancinam
1328 2841 1451 2890 haud
1479 2840 1621 2891 dubie
1650 2842 1808 2891 Au-20

13 2974 16 2977 Ι
78 2917 215 2971 gusta
253 2914 432 2960 monuit
469 2911 785 2961 aemulatione
831 2910 1051 2960 muliebri
1093 2911 1414 2976 Agrippinam
1465 2911 1748 2960 insectandi.
