2008 3230
176 230 208 282 6
608 240 884 278 CORNELII
907 240 1101 278 TAorrr
1122 241 1430 280 ANNALIUM

175 369 355 418 Tiberii
388 367 617 416 Caesaris
645 368 897 431 iuravere,
940 370 1163 433 apudque
1202 384 1287 418 eos
1327 369 1466 417 Seius
1503 369 1677 418 Strabo
1714 376 1762 418 et
1797 367 1852 419 C.

176 439 462 499 Turranius,
501 437 584 485 ille
615 442 972 501 praetoriarum
1014 438 1281 486 cohortium
1312 438 1619 501 praefectuS,
1658 439 1737 488 hic
1776 455 1853 488 an-

177 524 357 563 nonae:
406 522 519 555 mox
552 517 746 558 senatus
794 511 1033 572 milesque
1081 517 1127 556 et
1172 508 1398 572 populus.
1473 506 1593 555 Nam
1636 507 1855 557 Tiberius

179 586 349 627 cuncta
387 593 475 641 per
515 578 744 628 consules
781 579 1070 643 incipiebat,
1105 586 1341 642 tamquam
1376 585 1543 626 vetere
1580 593 1635 626 re
1662 577 1857 642 publica

120 667 160 701 10
180 657 227 697 et
265 647 513 710 ambiguus
548 648 840 711 imperandi:
878 665 940 698 ne
977 649 1185 697 edictum
1225 648 1444 712 quidem,
1484 662 1577 711 quo
1610 655 1774 713 patres
1810 650 1858 696 in

180 719 360 767 curiam
386 716 614 778 vocabat,
646 719 736 766 nisi
762 719 1048 768 tribuniciae
1074 719 1329 782 potestatis
1352 719 1737 782 praescriptione
1768 732 1856 782 po-

180 789 272 837 suit
303 787 392 836 sub
419 786 642 849 Augusto
666 796 919 853 acceptae.
965 788 1117 837 verba
1139 789 1284 837 edicti
1303 787 1441 836 fuere
1464 802 1620 851 pauca
1643 796 1690 836 et
1712 803 1857 836 sensu

179 856 522 923 permodesto:
582 857 642 905 de
701 858 967 908 honoribus
1029 859 1243 922 parentis
1291 857 1648 920 consulturum,
1698 873 1856 922 neque

179 926 449 978 abscedere
497 940 523 974 a
572 941 783 992 corpore
824 930 969 992 idque
1023 944 1161 976 unum
1219 943 1282 975 ex
1331 927 1536 992 puhlicis
1579 927 1856 976 muneribus

123 1015 162 1047 15
180 1012 430 1061 usurpare.
478 997 566 1046 sed
606 997 833 1048 defuncto
871 998 1091 1061 Augusto
1130 999 1316 1062 signum
1351 998 1608 1062 praetoriis
1648 996 1856 1046 cohorti-

178 1069 267 1117 bus
294 1074 344 1114 ut
371 1067 635 1130 imperator
662 1068 891 1120 dederat:
921 1067 1176 1130 excubiae,
1207 1082 1354 1131 arma,
1386 1074 1552 1117 cetera
1579 1067 1745 1124 aulae;
1773 1068 1856 1115 mi·

179 1139 253 1187 les
282 1139 327 1184 in
355 1137 536 1199 forum,
564 1137 705 1185 miles
731 1139 776 1185 in
806 1139 983 1187 curiam
1014 1137 1344 1187 comitabatur.
1414 1137 1581 1186 literas
1618 1137 1678 1187 ad
1715 1152 1855 1186 exer-

182 1208 302 1256 citus
329 1215 569 1270 tamquam
594 1207 773 1271 adepto
800 1209 1070 1272 principatu
1095 1209 1249 1269 misit,
1292 1222 1525 1271 nusquam
1554 1206 1855 1256 cunctabun-

182 1278 268 1326 dus
297 1278 388 1325 nisi
416 1291 521 1325 cum
548 1278 596 1325 in
622 1285 790 1326 senatu
820 1278 1121 1343 loqueretur.
1176 1292 1321 1327 causa
1356 1277 1620 1341 praecipua
1655 1293 1719 1325 ex
1758 1277 1854 1334 for-

123 1365 166 1398 20
182 1347 375 1409 midine,
402 1361 464 1394 ne
495 1346 825 1411 Germanicus,
852 1349 899 1396 in
926 1349 1058 1396 cuius
1085 1363 1224 1396 manu
1250 1355 1320 1396 tot
1347 1347 1599 1410 legioneS,
1629 1348 1856 1395 immensa

181 1418 425 1466 sociorum
451 1417 644 1480 auxilia,
677 1419 824 1467 mirus
852 1418 978 1482 apud
1006 1418 1236 1483 populum
1273 1418 1438 1478 favor,
1465 1416 1661 1466 habere
1706 1418 1854 1481 impe-

181 1489 300 1536 rium
336 1501 477 1551 quam
515 1495 809 1552 exspectare
845 1488 1026 1536 mallet.
1085 1487 1227 1536 dabat
1265 1494 1313 1535 et
1346 1487 1532 1548 famae,
1569 1494 1621 1535 ut
1653 1493 1855 1535 vocatus

184 1557 470 1620 electusque
497 1557 657 1621 potius
686 1573 712 1607 a
739 1573 795 1606 re
823 1558 1017 1622 publica
1044 1558 1293 1606 videretur
1332 1571 1471 1620 quam
1513 1571 1602 1620 per
1637 1557 1854 1604 uxorium

183 1626 406 1676 ambitum
434 1634 481 1675 et
508 1627 650 1675 senili
675 1628 936 1692 adoptione
962 1628 1246 1691 inrepsisse.
1297 1634 1471 1691 postea
1509 1627 1749 1689 cognitum
1783 1633 1855 1674 est

122 1717 164 1750 25
183 1696 243 1746 ad
268 1697 674 1760 introspiciendas
703 1698 846 1746 etiam
877 1712 1133 1762 procerum
1160 1696 1432 1746 voluntates
1456 1695 1693 1744 inductam
1721 1694 1847 1744 dubi-

181 1767 437 1815 tationem:
463 1781 570 1815 nam
595 1766 747 1816 verba
772 1767 931 1816 vultus
952 1769 998 1815 in
1021 1769 1200 1815 crimen
1221 1767 1516 1830 detorquens
1538 1764 1852 1814 recondebat.

288 1835 336 1886 8.
376 1835 504 1884 Nihil
530 1836 685 1900 primo
716 1844 912 1886 senatus
941 1837 1019 1886 die
1049 1837 1125 1899 agi
1157 1851 1328 1900 passus
1352 1841 1430 1884 est
1461 1836 1550 1883 nisi
1586 1835 1646 1883 de
1685 1849 1854 1899 supre-

182 1906 272 1955 mis
302 1905 528 1969 Augusti,
558 1906 692 1954 cuius
718 1913 1052 1956 testamentum
1079 1906 1274 1955 inlatum
1311 1921 1401 1970 per
1434 1906 1648 1967 virgines
1672 1903 1854 1952 Vestae

184 1975 428 2024 Tiberium
458 1982 506 2024 et
531 1974 710 2025 Liviam
738 1976 950 2026 heredes
975 1976 1153 2025 habuit.
1208 1975 1340 2025 Livia
1366 1976 1412 2023 in
1437 1975 1661 2023 familiam
1690 1972 1852 2022 Iuliam

183 2060 454 2110 nomenque
481 2044 751 2108 Augustum
777 2046 1137 2102 adsumebatur;
1175 2047 1221 2094 in
1254 2060 1389 2110 spem
1420 2045 1678 2094 secundam
1704 2056 1849 2107 nepo·

139 2141 159 2173 5
182 2124 255 2164 tes
282 2113 701 2179 pronepotesque,
727 2118 870 2165 tertio
897 2116 1047 2180 gradu
1073 2117 1310 2180 primores
1340 2115 1543 2163 civitatis
1572 2114 1853 2177 scripserat,

183 2185 451 2248 plerosque
486 2186 670 2234 invisos
702 2186 824 2248 sibi,
863 2186 949 2234 sed
990 2187 1213 2234 iactantia
1240 2185 1494 2248 gloriaque
1522 2183 1581 2231 ad
1607 2189 1852 2246 posteros.

183 2254 346 2316 legata
372 2268 467 2302 non
495 2254 621 2304 ultra
657 2255 847 2303 civilem
877 2257 1094 2317 modum,
1127 2256 1218 2303 nisi
1253 2253 1381 2318 quod
1418 2252 1600 2317 populo
1640 2259 1688 2299 et
1720 2250 1855 2315 plebi

183 2323 606 2386 quadringentiens
634 2325 831 2372 triciens
858 2326 1166 2388 quinquiens,
1201 2323 1548 2388 praetoriarum
1588 2321 1855 2370 cohortium

182 2392 410 2442 militibus
438 2393 625 2455 singula
650 2408 885 2441 nummum
911 2395 1056 2458 milia,
1087 2391 1142 2424 **
1169 2393 1446 2456 legionariis
1467 2398 1545 2439 aut
1575 2389 1852 2439 cohortibus

127 2485 170 2518 10
187 2462 357 2509 civium
385 2461 707 2510 Romanorum
733 2470 960 2511 trecenos
992 2477 1206 2511 nummos
1235 2463 1408 2510 viritim
1427 2461 1574 2509 dedit.
1625 2467 1720 2508 tum
1739 2474 1851 2507 con-

185 2531 405 2580 sultatum
432 2532 492 2580 de
520 2531 808 2588 honoribus;
840 2548 902 2581 ex
932 2534 1038 2597 quis
1065 2533 1151 2597 qui
1167 2532 1377 2581 maxime
1416 2531 1629 2593 insignes
1654 2529 1767 2590 visi,
1804 2536 1853 2576 ut

184 2609 323 2664 porta
350 2601 621 2665 triumphali
653 2601 913 2651 duceretur
939 2603 1105 2662 funuS,
1147 2602 1310 2651 Gallus
1350 2600 1571 2661 AsiniuS,
1608 2605 1657 2646 ut
1690 2598 1849 2660 legum

184 2670 385 2718 latarum
410 2670 549 2734 tituli,
574 2672 806 2720 victarum
825 2671 884 2721 ab
907 2687 967 2721 eo
992 2673 1201 2735 gentium
1225 2670 1460 2719 vocabula
1483 2669 1849 2729 anteferrentur,

183 2738 234 2786 L.
275 2739 529 2788 Arruntius
563 2756 817 2793 censuere.
877 2741 1082 2790 addebat
1106 2740 1333 2789 Messalla
1358 2739 1581 2788 Valerius
1615 2751 1848 2785 renovan-

128 2825 170 2860 15
186 2807 293 2856 dum
319 2824 407 2872 per
433 2824 583 2858 annos
611 2819 958 2860 sacramentum
984 2811 1031 2859 in
1062 2825 1234 2860 nomen
1260 2809 1464 2863 Tiberin
1506 2808 1848 2870 interrogatus·

187 2892 279 2941 que
308 2893 335 2926 a
365 2877 559 2926 Tiberio
586 2895 694 2928 num
722 2895 786 2930 se.
803 2880 1054 2929 mandante
1082 2895 1184 2928 eam
1209 2879 1489 2927 sententiam
1511 2877 1848 2940 prompsisset,

184 2954 357 3010 sponte
390 2947 569 2996 dixisse
600 2949 878 3013 respondit,
907 2965 1064 3014 neque
1090 2950 1136 2996 in
1162 2949 1218 2997 iis
1247 2963 1369 3011 quae
1396 2946 1456 2996 ad
1481 2961 1581 2994 rem
1608 2944 1850 3009 publicam
