1976 3224
223 179 321 229 144
650 189 927 228 CORNELH
956 188 1150 227 TACITI
1175 189 1480 227 ANNALIUM

219 318 433 379 censuit,
478 318 608 383 quod
639 333 778 367 unum
806 320 1107 381 urguentium
1137 317 1367 366 malorum
1403 317 1658 381 suffugium
1694 320 1739 368 in
1778 329 1893 371 tem·

216 402 307 452 pus
335 394 453 436 erat.

321 457 405 506 67.
445 456 510 505 At
537 455 718 506 Caesar
746 458 977 507 dedicatis
1007 473 1094 522 per
1124 455 1433 522 Campaniam
1472 458 1693 522 templiS,
1734 475 1892 524 quam-

215 542 353 592 quam
381 527 541 577 edicto
571 529 838 577 monuisset
869 543 929 576 ne
956 528 1060 591 quis
1083 528 1294 591 quietem
1313 529 1416 575 eius
1437 528 1749 592 inrumperet,
1781 546 1892 580 con-

214 612 482 663 cursusque
511 597 864 663 oppidanorum
891 598 1128 663 disposito
1163 597 1310 646 milite
1342 596 1737 662 prohiberentur,
1783 615 1892 665 per-

213 681 328 716 osus
373 674 532 716 tamen
574 668 828 734 municipia
871 675 919 717 et
967 667 1187 717 colonias
1230 669 1484 732 omniaque
1527 668 1575 716 in
1632 670 1894 719 continenti

167 754 189 788 5
215 738 327 801 sita,
367 736 586 802 Capreas
621 753 674 786 se
715 739 762 787 in
799 738 1001 788 insulam
1037 737 1245 801 abdidit,
1282 739 1421 786 trium
1458 738 1635 787 milium
1668 739 1795 789 freto
1833 739 1893 788 ab

212 809 443 875 egri-emis
471 808 738 857 Surrentini
765 808 1080 874 promunturii
1111 808 1382 857 diiunctam.
1449 808 1754 858 solitudinem
1788 811 1892 859 eius

210 878 459 943 placuisse
498 879 704 927 maxime
756 879 1068 941 crediderim,
1118 879 1340 943 quoniam
1384 878 1715 943 inportuosum
1763 881 1894 929 circa

208 963 340 997 mare
368 956 415 997 et
446 949 527 996 vix
552 948 754 998 modicis
792 949 996 1012 navigiis
1035 963 1190 1013 pauca
1227 948 1460 1005 subsidia;
1501 964 1657 1013 neque
1694 950 1892 1015 adpule-

209 1019 269 1066 rit
310 1019 563 1082 quisquam
599 1019 689 1067 nisi
735 1034 890 1082 gnaro
949 1018 1166 1068 custode.
1243 1018 1366 1067 caeli
1423 1020 1685 1083 temperies
1735 1019 1893 1068 hieme

152 1106 194 1140 ι)
212 1089 336 1136 mitis
366 1087 562 1138 obiectu
587 1089 787 1151 montis,
827 1103 920 1154 quo
959 1103 1107 1138 saeva
1147 1095 1401 1137 ventorum
1442 1096 1689 1146 arcentur;
1732 1097 1892 1139 aestas

208 1159 255 1207 in
291 1158 535 1207 favonium
574 1158 783 1207 obversa
822 1167 870 1208 et
906 1165 1078 1223 aperto
1119 1160 1298 1207 circum
1344 1158 1524 1224 pelago
1570 1173 1889 1223 peramoena3

207 1227 656 1294 prospectabatque
702 1222 1075 1293 pulcherrimum
1121 1230 1299 1292 sinum,
1353 1236 1607 1294 antequam
1651 1230 1892 1279 Vesuvius

206 1312 345 1347 mons
386 1297 651 1347 ardescens
688 1299 864 1348 faciem
908 1299 1006 1348 loci
1043 1306 1272 1348 verteret.
1337 1298 1552 1348 Graecos
1595 1314 1651 1348 ea
1677 1300 1891 1349 tenuisse

209 1366 527 1433 Capreasque
554 1368 787 1418 Telebois
813 1369 1051 1419 habitatas
1076 1369 1199 1419 fama
1227 1369 1384 1419 tradit.
1436 1369 1523 1418 sed
1549 1377 1644 1418 tum
1667 1369 1891 1419 Tiberius

150 1454 190 1488 15
209 1438 463 1488 duodecim
497 1438 719 1488 villarum
755 1439 1027 1488 nominibus
1067 1447 1115 1488 et
1154 1439 1361 1490 molibus
1403 1439 1675 1503 insederat,
1713 1446 1890 1505 quanto

206 1510 415 1558 intentus
457 1509 569 1558 olim
610 1509 828 1573 publicas
863 1509 923 1560 ad
968 1524 1136 1573 curaS,
1176 1517 1306 1567 tanto
1344 1510 1643 1560 occultiores
1677 1510 1725 1559 in
1751 1510 1892 1559 luxus

207 1586 254 1628 et
292 1579 464 1627 malum
502 1580 646 1628 otium
684 1580 942 1629 resolutus.
1009 1579 1232 1629 manebat
1273 1582 1454 1644 quippe
1492 1581 1808 1644 suspitionum
1843 1586 1892 1628 et

207 1648 436 1698 credendi
465 1651 738 1713 temeritaS,
768 1666 909 1715 quam
935 1650 1136 1716 Seianus
1167 1664 1348 1713 augere
1376 1650 1517 1698 etiam
1543 1651 1591 1698 in
1628 1649 1746 1699 urbe
1781 1664 1889 1699 sue-

206 1725 281 1768 tus
319 1720 478 1768 acrius
517 1719 741 1768 turbabat
777 1734 873 1769 non
911 1721 1002 1769 iam
1044 1719 1250 1769 occultis
1287 1719 1542 1769 adversum
1568 1718 1890 1785 Agrippinam

146 1802 189 1836 20
211 1796 259 1838 et
295 1787 543 1838 Neronem
582 1788 782 1838 insidiis.
843 1791 949 1855 quis
986 1789 1173 1839 additus
1206 1789 1345 1839 miles
1382 1790 1622 1854 nuntios‚.
1647 1790 1887 1854 introitus,

207 1866 377 1925 aperta
403 1854 604 1908 secreta⁴
628 1859 760 1908 velut
784 1860 830 1908 in
859 1861 1057 1909 annales
1089 1859 1360 1923 referebat,
1388 1859 1612 1925 ultroque
1639 1859 1886 1909 strueban-

208 1936 281 1978 tur
308 1930 388 1993 qui
414 1937 669 1978 monerent
698 1930 964 1994 perfugere
992 1930 1050 1979 ad
1079 1929 1363 1980 Germaniae
1391 1931 1634 1979 exercitus
1656 1929 1736 1979 vel
1759 1930 1887 1979 cele-

205 1998 416 2048 berrimo
442 1999 540 2048 fori
577 1999 790 2063 effigiem
829 2000 921 2050 divi
958 2001 1164 2064 Augusti
1201 2000 1427 2066 amplecti
1467 1999 1794 2065 populumque
1830 2015 1888 2049 ac

207 2077 423 2119 senatum
454 2069 632 2119 auxilio
674 2084 867 2119 vocare.
923 2086 1077 2136 eaque
1113 2079 1278 2135 spreta
1319 2070 1377 2121 ab
1417 2070 1537 2134 illis,
1579 2070 1708 2119 velut
1749 2084 1886 2135 para·

146 2154 188 2187 25
207 2147 329 2202 rent,
346 2139 707 2189 obiciebantur.

310 2208 392 2259 68.
427 2208 562 2259 Iunio
603 2210 768 2259 Silano
806 2218 853 2259 et
890 2211 1007 2260 Silio
1036 2212 1199 2261 Nerva
1236 2210 1514 2261 consulibus
1551 2210 1745 2260 foedum
1779 2211 1887 2259 anni

206 2279 494 2344 principium
530 2280 729 2328 incessit
774 2287 927 2329 tracto
969 2282 1015 2329 in
1053 2297 1299 2331 carcerem
1347 2280 1535 2329 inlustri
1581 2282 1744 2345 equite
1790 2279 1883 2329 Ro-

205 2362 375 2409 man0,
419 2348 525 2397 Tito
554 2348 762 2412 Sabino,
805 2349 866 2398 ob
911 2352 1164 2401 amicitiam
1202 2351 1498 2401 Germanici:
1550 2366 1710 2415 neque
1761 2351 1886 2398 enim

209 2420 438 2469 omiserat
464 2420 721 2482 coniugem
749 2418 1028 2485 liberosque
1055 2421 1157 2470 eius
1186 2420 1470 2486 percolere,
1500 2427 1715 2469 sectator
1738 2419 1882 2483 domi,

166 2503 187 2537 5
210 2503 375 2539 comes
400 2489 447 2537 in
479 2487 700 2553 publico,
729 2497 839 2552 post
866 2496 935 2539 tot
961 2492 1163 2539 clientes
1199 2506 1317 2541 unus
1357 2505 1516 2554 eoque
1555 2489 1683 2555 apud
1728 2489 1885 2539 bonos

206 2559 423 2608 laudatus
462 2565 510 2607 et
545 2559 708 2622 gravis
745 2559 934 2622 iniquis.
1003 2561 1127 2609 hunc
1164 2561 1373 2610 Latinius
1417 2559 1643 2623 Latiaris,
1683 2559 1882 2609 Porcius

208 2627 346 2691 Cato,
379 2628 574 2677 Petilius
602 2629 780 2691 Rufus,
810 2629 874 2678 M.
899 2628 1076 2694 Opsius
1100 2639 1326 2695 praetura
1350 2631 1499 2679 suncti
1525 2629 1880 2694 adgrediuntur,

208 2699 433 2764 cupidine
468 2698 770 2760 consulatuS,
809 2698 868 2747 ad
913 2715 1051 2764 quem
1087 2715 1180 2750 non
1214 2703 1303 2750 nisi
1338 2716 1425 2766 per
1453 2700 1674 2749 Seianum
1701 2699 1878 2757 aditus:

206 2783 363 2833 neque
392 2768 551 2817 Seiani
578 2768 800 2817 voluntas
827 2770 917 2817 nisi
943 2770 1135 2819 scelere
1173 2770 1509 2836 quaerebatur.
1563 2771 1881 2834 compositum

153 2849 195 2883 10
211 2837 334 2886 inter
365 2840 502 2901 ipsos
529 2845 576 2886 ut
599 2837 825 2900 LatiariS,
855 2841 934 2902 qui
961 2841 1151 2889 modico
1183 2858 1267 2890 usu
1294 2840 1518 2889 Sabinum
1552 2840 1876 2903 contingebat,

209 2914 415 2955 strueret
444 2906 629 2969 dolum,
671 2909 822 2956 ceteri
861 2916 1008 2957 testes
1035 2910 1289 2974 adessent,
1319 2909 1488 2958 deinde
1522 2911 1879 2959 accusationem
