1950 3210
395 690 953 756 CORNELII
1006 690 1396 758 TACITI

335 807 339 812 ’
386 915 395 918 -
430 902 433 904 ‚
470 837 546 888 AB
591 834 842 889 EXCESSU
886 836 1008 888 mvl
1052 795 1303 890 AUGUSTI

295 982 1483 1085 ANNALIUM

725 1133 997 1185 LIBER
1034 1134 1079 1185 Ι.

64 1426 413 1470 BREVIARIUM.
457 1426 555 1481 Cap.
583 1427 620 1466 1.
660 1426 738 1467 Rei
760 1426 974 1467 Romanae
995 1434 1129 1469 status
1151 1433 1246 1468 ante
1265 1427 1522 1481 Augustum.
1565 1428 1605 1467 2.
1627 1427 1728 1468 Eius

118 1491 228 1526 artes
247 1490 288 1524 et
314 1484 380 1524 via
402 1483 456 1537 ad
485 1484 722 1537 imperium.
763 1483 802 1525 3.
826 1484 944 1524 Varii
973 1485 1024 1524 ab
1058 1485 1253 1539 Augusto
1282 1485 1480 1525 destinati
1510 1496 1725 1525 successo·

55 1542 58 1548 ’
118 1555 200 1582 res.
248 1543 290 1582 4.
315 1539 456 1582 Status
476 1551 617 1581 rerum
639 1547 679 1581 et
711 1541 886 1581 affectus
920 1542 1073 1581 civium
1109 1543 1186 1582 sub
1211 1542 1422 1595 Augusto.
1484 1542 1654 1582 Iudicia.
1675 1542 1728 1581 de

118 1598 446 1640 successoribus.
487 1598 528 1639 5.
551 1598 721 1639 Morbus
742 1598 928 1652 Augusti
948 1604 988 1638 et
1011 1611 1127 1639 mors
1157 1599 1303 1639 celata.
1346 1599 1518 1639 Accitus
1547 1599 1601 1639 ad
1632 1611 1728 1639 suc·

118 1656 352 1696 cessionem
371 1654 577 1696 Tiberius.
624 1654 665 1696 6.
690 1654 850 1696 Caedes
871 1655 1060 1696 Postumi
1082 1656 1312 1710 Agrippae.
1363 1656 1403 1695 7.
1432 1655 1566 1695 Roma
1595 1668 1724 1708 prona

66 1764 69 1766 ,
118 1713 163 1753 in
181 1713 435 1754 servitutem.
474 1713 659 1752 Iuratum
678 1712 725 1752 in
747 1713 874 1752 verba
903 1714 1001 1753 novi
1027 1713 1243 1766 principis.
1284 1712 1388 1752 Eius
1419 1711 1570 1752 callida
1596 1715 1724 1766 tergi·

52 1788 65 1819 χ
118 1769 313 1810 versatio.
352 1768 393 1810 8.
417 1769 603 1823 Augusti
622 1775 917 1810 testamentum
937 1776 977 1810 et
993 1769 1176 1810 honores
1193 1770 1337 1809 eximii
1355 1770 1398 1809 in
1415 1769 1576 1809 funere.
1609 1768 1651 1810 9.
1669 1770 1731 1809 De

46 1855 57 1858 ,.
118 1827 313 1880 Augusto
334 1826 491 1866 iudicia
512 1827 555 1866 in
574 1832 795 1878 utramque
819 1832 995 1880 partem.
1040 1827 1106 1867 10.
1129 1826 1288 1866 Iudicia
1307 1826 1516 1877 sequiora.
1569 1826 1636 1866 11.
1660 1826 1730 1866 Ti—

118 1884 258 1924 berius
285 1884 513 1936 imperium
536 1883 712 1923 subdole
739 1884 879 1923 renuit
907 1891 1086 1937 urgente
1117 1890 1280 1923 senatu.
1333 1883 1624 1923 Rationarium
1651 1884 1731 1922 im-

48 1959 50 1961 ·
117 1940 240 1995 perii.
284 1940 351 1979 12.
375 1939 524 1980 Asinio
550 1941 682 1980 iratus
703 1939 909 1990 Tiberius,
936 1940 1004 1982 13.
1029 1952 1130 1980 mox
1148 1940 1370 1990 Arruntio,
1391 1939 1576 1990 Hateri-o,
1599 1940 1730 1981 Scau-

48 1997 63 2051 g'
97 1995 100 1998 ⁴
120 2009 182 2037 ro.
226 1995 298 2037 14.
324 1994 503 2036 Senatus
525 1996 709 2036 adulatio
728 1996 772 2034 in
794 1997 972 2046 Liviam,
996 2009 1021 2036 a
1040 1996 1205 2036 Tiberio
1226 2003 1471 2050 temperata.
1508 1996 1584 2037 15.
1606 1997 1728 2037 Ratio

56 2063 69 2074 ‘⁴
121 2053 394 2093 comitiorum.
431 2052 539 2092 Ludi
561 2051 832 2106 Augustales.
877 2052 943 2094 16.
969 2052 1128 2094 Seditio
1148 2053 1482 2094 Pannoniearum
1511 2054 1731 2106 legionum

50 2127 53 2158 L
66 2118 68 2122 ’
117 2109 228 2151 VIII.
250 2109 322 2150 IX.
346 2108 439 2149 XV.
483 2109 677 2150 Concitor
695 2107 966 2150 Percennius.
1007 2109 1075 2151 17.
1097 2110 1230 2150 Huius
1253 2110 1479 2150 seditiosae
1498 2110 1728 2150 contiones.

54 2163 87 2220 ’,ς
121 2166 187 2209 18.
212 2167 326 2207 Furit
346 2166 491 2216 miles,
526 2179 650 2219 quem
679 2166 890 2206 moderari
925 2173 1098 2207 conatur
1125 2167 1316 2207 Blaesus.
1371 2165 1439 2207 19.
1469 2165 1646 2219 Legatio
1676 2166 1732 2206 ad

42 2218 364 2278 ffisprincipem.
403 2222 472 2263 20.
506 2222 775 2263 Recrudescit
806 2223 969 2264 seditio.
1018 2225 1088 2266 21.
1122 2222 1299 2263 Blaesus
1326 2223 1483 2263 frustra
1517 2223 1729 2273 obnititur,

46 2285 52 2323 ”,
80 2276 97 2293 ⁶
119 2281 189 2321 22.
213 2277 411 2320 Vibuleni
434 2279 573 2320 fallaci
594 2279 778 2320 facinore
798 2292 933 2333 paene
956 2291 1200 2335 oppressus.
1244 2279 1315 2321 23.
1347 2279 1520 2320 Tribuni
1551 2281 1731 2321 militum

77 2380 83 2390 ᾖ
117 2338 242 2391 pulsi,
265 2336 450 2377 Lucilius
475 2349 641 2377 caesus.
683 2338 751 2377 24.
778 2337 941 2378 Drusus
963 2337 1160 2378 seditioni
1183 2337 1395 2377 sedandae
1426 2339 1585 2379 missus
1617 2350 1641 2378 a
1660 2337 1730 2377 Ti-

46 2401 53 2434 ’.ι
67 2399 98 2443 ’,Ἀ
117 2393 247 2439 berio.
291 2393 360 2434 25.
389 2394 552 2434 Drusus
574 2393 718 2434 literas
741 2393 895 2435 Tiberii
927 2395 1091 2444 recitat,
1128 2393 1197 2435 26.
1219 2394 1397 2434 militum
1412 2394 1624 2448 postulata
1645 2394 1728 2434 dif-

118 2449 220 2491 fert:
251 2451 418 2491 clamor.
457 2451 528 2491 27.
545 2450 651 2490 Hinc
666 2451 867 2491 tumultus
884 2451 1033 2503 acrior,
1066 2451 1232 2491 Lentuli
1259 2451 1503 2504 periculum.
1545 2451 1615 2492 28.
1645 2451 1729 2491 Lu·

51 2528 109 2579 '⁸1‘
121 2519 200 2549 nae
221 2506 402 2549 defectio
423 2507 647 2548 seditiosos
666 2514 807 2557 terret,
831 2519 907 2547 nec
934 2508 1052 2548 deest
1074 2508 1284 2549 occasioni
1303 2508 1480 2548 Drusus.
1513 2508 1583 2550 29.
1610 2508 1729 2548 Miles

50 2568 103 2613 ah„
119 2565 238 2621 ponit
261 2563 475 2604 ferociam.
516 2562 586 2604 30.
609 2563 755 2617 Capita
774 2564 977 2605 tumultus
997 2577 1134 2606 caesa.
1185 2564 1396 2618 Legiones
1423 2564 1609 2606 hibernis
1640 2565 1730 2606 suis

13 2644 17 2648 ι
59 2602 107 2656 ’μ’
119 2621 325 2662 redditae.
369 2620 440 2663 31.
463 2619 640 2661 Gravior
669 2621 798 2661 oritur
827 2621 977 2661 seditio
1006 2622 1222 2675 legionum
1257 2627 1348 2661 octo
1374 2621 1726 2663 Germanicarum.

55 2669 191 2727 ‘353132
212 2676 396 2718 Saevitia
415 2678 459 2717 in
483 2677 762 2717 centuriones.
803 2676 1012 2718 Chaereae
1035 2678 1214 2718 facinus.
1243 2677 1313 2719 33.
1336 2676 1604 2720 Germanicus
1626 2678 1730 2720 Gae-

60 2728 192 2785 {fassar
215 2734 269 2774 ad
294 2734 487 2788 legiones
511 2747 534 2774 e
562 2733 694 2774 Gallia
725 2739 945 2786 properat:
979 2733 1050 2774 84.
1082 2746 1186 2786 quas
1220 2734 1275 2774 ad
1310 2733 1438 2773 fidem
1475 2734 1726 2776 cohortatur.

60 2783 190 2853 JQ35.
218 2790 304 2831 Eae
342 2791 533 2843 querelas
570 2797 790 2844 promunt:
835 2801 935 2842 pars
960 2791 1178 2843 imperium
1209 2790 1389 2831 offerunt
1414 2792 1564 2832 acriter
1597 2793 1729 2833 abnu-

58 2839 216 2923 2fffenti.
270 2847 340 2890 36.
378 2848 579 2889 Remedia
616 2846 817 2899 quaesita.
870 2845 939 2887 37.
980 2846 1126 2887 Oblata
1159 2848 1305 2887 missio
1347 2853 1388 2887 et
1424 2850 1625 2902 pecunia:
1669 2850 1731 2890 sic

52 2890 110 2936 ‘'ts-f
116 2904 292 2962 paulum
327 2916 531 2957 oppressa
577 2903 741 2945 seditio.
805 2901 876 2944 38.
910 2903 1132 2944 Vexillarii
1178 2903 1370 2945 turbant:
1419 2918 1524 2957 quos
1568 2906 1731 2947 fortiter

62 2937 281 3027 &coercet
305 2960 373 3001 Μ’.
399 2961 571 3002 Ennius.
634 2960 704 3001 39.
738 2960 884 3000 Denuo
923 2960 1112 3013 legiones
1142 2963 1169 3002 1.
1203 2967 1242 3001 et
1265 2960 1361 3003 XX.
1388 2963 1569 3004 turbant.
1627 2963 1731 3004 Cae-

10 3043 25 3210 ¹
63 3020 102 3075 ,εἷς
201 3032 352 3065 ‘merri
376 3033 491 3064 PARS
518 3033 552 3065 1.
1447 3019 1471 3067 1

50 3076 103 3210 ᾖ

0 2348 12 2550 »qaum-,naa
0 1949 7 2318 nan———----—-———-
0 1898 4 1939 --*
0 1883 2 1886 -
0 1833 2 1869 NJ*
