1976 3224
577 180 748 217 LIBER
768 180 862 217 xv.
899 179 1022 217 CAP.
1049 178 1103 221 71.
1122 197 1183 204 -
1202 177 1273 221 74.
1654 169 1754 219 315

92 309 384 374 supplicem,
440 308 677 372 increpuit
715 307 934 356 Salienus
983 306 1237 371 Clemens,
1287 308 1475 356 hostem
1513 314 1562 354 et
1606 307 1755 371 parri-

33 423 37 431 .
94 378 245 427 eidam
272 392 482 439 vocam,
511 376 668 425 donec
695 391 933 426 consensu
966 375 1148 442 pzn'rum
1177 377 1433 426 deterritus
1457 384 1556 439 est,
1583 392 1644 424 ne
1673 392 1755 441 pu·

90 448 231 497 blicis
260 447 399 496 malis
426 445 554 494 abuti
590 446 648 495 ad
682 448 990 495 occasionem
1017 448 1190 512 privati
1225 447 1322 496 odii
1351 446 1621 508 videretur,
1660 460 1753 494 neu

92 518 362 581 composita
400 523 478 564 aut
518 514 771 566 obliterata
810 516 1169 565 mansuetudine
1207 517 1440 582 principis
1487 531 1660 564 novam
1697 515 1756 564 ad

92 587 338 636 saevitiam
367 584 651 634 retraheret.
1773 601 1813 634 15

197 657 290 705 ¹74.>
331 655 449 704 Tum
490 654 746 703 indiscreta
793 655 914 704 dona
965 663 1012 703 et
1056 663 1222 718 grates
1268 655 1371 704 deis
1421 656 1753 717 decernuntur,

92 727 412 792 propriusque
450 724 606 774 honos
642 725 772 788 Soli,
823 727 897 773 cui
941 733 1015 773 est
1051 733 1187 773 vetus
1225 726 1372 774 aedes
1407 725 1531 790 apud
1563 727 1755 788 circum,

91 798 136 844 in
175 810 268 859 quo
309 795 495 843 facinus
524 794 806 858 parabatur,
846 796 923 858 qui
962 795 1150 843 occulta
1190 796 1532 844 coniurationis
1568 798 1754 843 numine

89 866 370 921 retexisset;
428 871 577 927 utque
620 865 904 912 circensium
951 863 1218 913 Cerealium
1265 865 1495 914 ludicrum
1539 865 1756 929 pluribus

89 948 319 999 equorum
365 933 580 982 cursibus
628 933 958 982 celebraretur
999 936 1274 999 mensisque
1315 935 1501 999 Aprilis
1540 934 1791 983 Neronis5

90 1011 458 1067 cognomentum
481 1004 749 1068 acciperet:
777 1004 1002 1068 templum
1025 1004 1174 1053 Saluti
1198 1012 1528 1053 exstrueretur
1552 1019 1612 1052 eo
1639 1005 1752 1067 loci,

89 1089 151 1122 ex
186 1088 283 1138 quo
325 1074 590 1121 Scae-vinus
625 1073 812 1133 ΐθιτυηι.
833 1082 1152 1138 prompserat.
1206 1076 1311 1139 ipse
1352 1090 1457 1122 eum
1495 1076 1753 1137 pugionem

90 1142 216 1207 apud
238 1141 526 1207 Capitolium
558 1145 766 1191 sacravit
806 1144 1147 1208 inscripsitque
1175 1143 1276 1192 Iovi
1294 1145 1508 1192 Vindici:
1539 1145 1584 1190 in
1615 1159 1752 1207 prae-

87 1228 199 1261 sens
235 1211 358 1260 haud
399 1212 776 1260 animadversum
816 1222 926 1277 post
955 1228 1083 1261 arma
1117 1212 1220 1261 Iulii
1247 1214 1463 1262 Vindicis
1499 1213 1557 1261 ad
1595 1214 1751 1277 auspi-

89 1283 209 1330 cium
251 1289 297 1329 et
338 1283 644 1345 praesagium
685 1283 871 1331 futurae
909 1282 1102 1331 ultionis
1138 1282 1430 1332 trahebatur.
1481 1284 1676 1346 reperio
1706 1284 1750 1329 in
1771 1292 1810 1325 ιο

89 1351 444 1400 commentariis
481 1358 675 1400 senatus
713 1350 950 1401 Cerialem
986 1352 1203 1401 Anicium
1242 1353 1490 1401 consulem
1529 1352 1750 1415 designa-

84 1429 181 1470 tum
220 1435 309 1486 pro
347 1421 582 1468 sententia
623 1421 829 1484 dixisse,
879 1430 928 1470 ut
967 1422 1194 1486 templum
1241 1423 1351 1471 divo
1389 1421 1573 1471 Neroni
1612 1437 1750 1486 quam

86 1491 358 1539 maturrime
389 1488 583 1553 publica
612 1492 814 1555 pecunia
839 1488 1117 1556 poneretur.
1167 1492 1294 1556 quod
1335 1492 1525 1557 quidem
1563 1491 1644 1539 ille
1670 1490 1748 1538 de-

88 1559 317 1608 cernebat
357 1566 595 1623 tamquam
639 1560 840 1609 mortale
872 1561 1113 1626 fastigium
1150 1577 1356 1624 egresso
1389 1569 1436 1609 et
1479 1561 1749 1609 veneratio-

84 1643 192 1677 nem
211 1629 449 1677 hominum
474 1630 676 1693 merito,
705 1628 839 1679 sed
818 1645 931 1695 tpse
943 1630 1226 1696 prohibuit,
1247 1647 1311 1681 ne
1328 1629 1750 1694 interpretatione
1768 1642 1806 1675 ιε

86 1696 379 1779 quorundam
417 1688 476 1745 ad
504 1713 643 1748 omen
675 1699 825 1748 dirum
862 1702 934 1748 sui
961 1703 1116 1750 exitus
1143 1695 1439 1750 verteretur:
1480 1715 1585 1748 nam
1609 1700 1746 1748 deum

83 1766 261 1883 limum&
270 1768 473 1831 principi
507 1783 602 1817 non
643 1777 750 1818 ante
793 1769 996 1819 hahetur
1035 1786 1172 1835 quam
1199 1786 1350 1833 agere
1377 1771 1500 1818 inter
1530 1770 1747 1818 homines

119 1837 298 1884 esierit.

738 2110 1096 2120 ...οφ-...Ἀ
