1976 3224
214 200 312 250 192
645 208 922 247 CORNELII
944 207 1140 246 TACITI
1160 207 1467 245 ANNALIUM

205 339 376 401 verba,
401 345 430 395 †
446 337 654 400 subisse,
685 337 990 386 sacrificasse
1011 337 1136 402 apud
1159 337 1303 393 de0s;
1331 335 1616 383 discubitum
1637 337 1759 386 inter
1776 352 1887 387 con-

205 411 364 470 vivaS,
393 407 563 457 oscula
592 406 896 473 complexuS,
924 414 1117 456 noctem
1143 407 1351 471 denique
1378 412 1532 453 actam
1557 406 1751 474 licentia
1773 423 1887 456 con-

203 479 372 543 iugali.
434 477 521 527 sed
557 477 674 526 nihil
717 479 1034 541 compositum
1062 477 1276 525 miraculi
1316 490 1487 538 causa,
1535 477 1888 543 verumaudita

204 551 487 613 scriptaque
514 546 790 596 senioribus
817 547 1016 596 tradam.

307 616 392 668 28.
429 618 587 681 Igitur
617 617 797 666 domus-
813 618 1046 682 principis
1077 616 1404 678 inhorruerat,
1433 617 1734 681 maximeque
1766 631 1889 681 quos

202 704 356 755 penes
385 689 600 753 potentia
630 695 715 751 et,
741 688 781 735 si
804 702 886 736 res
914 694 1244 748 verterentur,
1284 686 1519 748 formido,
1558 701 1653 736 non
1692 688 1785 735 iam
1813 687 1895 736 se-'

205 759 352 809 cretis
383 758 676 822 conloquiiS,
706 757 794 806 sed
821 764 991 822 aperte
1020 757 1258 819 fremere,
1288 755 1396 804 dum
1424 755 1592 805 histrio
1618 757 1890 806 cubiculum

204 829 438 895 principis
481 828 813 890 insultaverit,
857 826 1069 875 dedecus
1094 826 1283 891 quidem
1303 826 1512 889 inlatum,
1542 826 1628 875 sed
1651 826 1888 876 excidium

165 898 379 965 5procul
419 898 626 947 afuisse:
670 912 794 946 nunc
832 898 1053 946 iuvenem
1090 896 1300 945 nobilem
1338 895 1569 958 dignitate
1594 896 1804 959 formae,
1842 899 1888 946 vi

204 970 375 1018 mentis
413 984 472 1017 ac
508 968 783 1034 propinquo
823 967 1074 1016 consulatu
1113 968 1344 1015 maiorem
1384 965 1443 1013 ad
1490 981 1626 1032 spem
1667 967 1884 1030 adcingi;

204 1055 296 1088 nec
324 1040 448 1087 enim
475 1038 744 1101 occultum,
786 1037 900 1101 quid
935 1044 1046 1102 post
1081 1036 1178 1085 tale
1213 1036 1560 1085 matrimonium
1585 1045 1885 1102 superesset.

204 1108 395 1159 subibat
439 1108 542 1156 sine
583 1106 728 1156 dubio
766 1114 920 1155 metus
956 1113 1236 1171 reputantes
1279 1105 1504 1154 hebetem
1543 1105 1791 1157 Claudium
1839 1116 1888 1156 et

202 1179 340 1228 uxori
379 1177 653 1227 devinctum
687 1177 960 1241 multasque
1006 1183 1188 1227 mortes
1229 1176 1360 1224 iussu
1392 1175 1686 1232 Messalinae,
1730 1185 1884 1241 patra·

147 1270 187 1304 10
204 1256 304 1298 tas:
336 1263 504 1296 rursus
536 1249 644 1312 ipsa
671 1247 881 1296 facilitas
905 1247 1212 1312 imperatoris
1240 1245 1459 1295 fiduciam
1486 1246 1655 1310 dabat,
1694 1249 1733 1296 si
1759 1255 1884 1297 atro·

205 1320 350 1369 citate
378 1319 588 1367 criminis
615 1317 1029 1382 praevaluissent,
1071 1332 1219 1382 posse
1239 1317 1452 1399 opprimi
1482 1317 1746 1366 damnatam
1778 1325 1884 1366 ante

205 1404 346 1455 quam
377 1403 535 1446 ream;
568 1386 695 1436 sed
681 1403 729 1436 m
758 1402 818 1436 eo
844 1387 1101 1436 discrimen
1127 1388 1275 1451 verti,
1314 1388 1352 1435 si
1381 1387 1598 1436 defensio
1626 1387 1883 1451 audi-retur,

203 1467 350 1524 utque
378 1458 574 1508 clausae
601 1472 743 1506 aures
776 1458 917 1507 etiam
945 1458 1190 1506 confitenti
1216 1457 1392 1506 forent.

310 1529 393 1578 29.
428 1528 503 1578 Ac
531 1527 684 1594 primo
714 1525 961 1591 CallistuS,
989 1528 1080 1576 iam
1105 1527 1218 1577 mihi
1245 1528 1376 1576 circa
1397 1542 1566 1576 necem
1588 1526 1691 1577 Gai
1705 1526 1883 1576 Caesa-

202 1600 268 1648 ris
296 1606 544 1661 narratus,
587 1605 634 1647 et
662 1597 916 1663 Appianae
952 1597 1116 1647 caedis
1153 1597 1348 1646 molitor
1384 1596 1642 1646 Narcissus
1679 1597 1882 1660 flagran-

202 1670 483 1734 tissimaque
511 1683 571 1718 eo
598 1669 645 1716 in
677 1675 900 1732 tempore
930 1669 1086 1731 gratia
1114 1667 1273 1716 Pallas
1313 1669 1588 1730 agitavere,
1624 1682 1732 1715 num
1756 1666 1881 1715 Mes-

203 1739 404 1788 salinam
445 1739 652 1788 secretis
687 1739 826 1786 minis
868 1737 1174 1802 depellerent
1210 1751 1375 1786 amore
1413 1736 1544 1799 Silii,
1584 1743 1754 1786 cuncta
1790 1735 1882 1785 alia

159 1827 179 1860 5
203 1808 573 1858 dissimulantes.
625 1806 734 1856 dein
759 1814 904 1870 metu,
937 1822 997 1855 ne
1026 1807 1085 1856 ad
1111 1808 1374 1870 perniciem
1402 1807 1529 1855 ultro
1558 1806 1879 1867 traherentur,

202 1878 455 1941 desistunt,
485 1877 646 1927 Pallas
684 1893 773 1942 per
806 1877 1072 1941 ignaviam,
1104 1876 1333 1926 Callistus
1365 1877 1542 1942 prioris
1575 1891 1767 1941 quoque
1804 1890 1880 1924 re-

202 1950 314 2013 giae
342 1950 525 2012 peritus
552 1955 601 1997 et
638 1948 902 2012 potentiam
933 1948 1083 1996 cautis
1113 1962 1252 2012 quam
1279 1947 1469 1996 acribus
1501 1946 1714 1996 consiliis
1739 1946 1880 1994 tutius

202 2017 394 2068 haberi:
437 2019 647 2084 perstitit
682 2016 966 2080 NarcissuS,
1007 2024 1083 2066 set
1121 2017 1275 2066 solum
1311 2017 1357 2065 id
1387 2019 1658 2080 immutans,
1698 2031 1757 2065 ne
1785 2030 1878 2080 quo

203 2103 428 2138 sermone
464 2089 737 2154 praesciam
778 2088 988 2136 criminis
1023 2095 1072 2136 et
1110 2089 1408 2136 accusatoris
1438 2086 1648 2135 faceret:
1688 2087 1794 2150 ipse
1821 2085 1880 2134 ad

147 2177 186 2211 ιο
206 2159 496 2207 occasiones
523 2159 756 2222 intentuS,
784 2157 932 2221 longa
958 2156 1085 2222 apud
1113 2155 1294 2206 Ostiam
1324 2154 1546 2206 Caesaris
1574 2169 1734 2218 mora,
1767 2154 1883 2204 duas

205 2229 442 2292 paelices,
475 2243 672 2293 quarum
696 2229 735 2275 is
764 2229 964 2292 corpori
989 2228 1193 2277 maxime
1220 2228 1512 2290 insueverat,
1541 2226 1799 2289 largitione
1827 2240 1884 2274 ac

203 2298 458 2362 promissis
499 2306 546 2346 et
595 2312 749 2346 uxore
791 2297 980 2348 deiecta
1017 2297 1125 2362 plus
1164 2298 1413 2362 potentiae
1450 2295 1735 2345 ostentando
1775 2310 1882 2360 per·

204 2367 324 2431 pulit
352 2367 642 2417 delationem
672 2366 852 2415 subire.

313 2435 398 2486 30.
438 2436 578 2485 Exim
617 2434 880 2500 Calpurnia
915 2436 990 2502 (id
1019 2437 1195 2501 paelici
1223 2436 1454 2500 nomen),
1492 2435 1571 2485 ubi
1610 2436 1767 2485 datum
1807 2450 1880 2482 se-

206 2515 406 2569 cretum,
434 2505 641 2570 genibus
675 2505 898 2555 Caesaris
936 2506 1195 2573 provoluta
1222 2509 1445 2571 nupsisse
1472 2505 1779 2555 Messalinam
1808 2506 1879 2553 Si·

205 2577 271 2625 lio
301 2577 563 2637 exclamat;
592 2575 728 2623 simul
757 2573 1083 2641 Cleopatram,
1114 2591 1236 2640 quae
1264 2577 1309 2626 id
1336 2578 1491 2641 ipsum
1512 2576 1774 2640 opperiens
1800 2574 1879 2623 ad-

206 2646 384 2709 stabat,
426 2662 483 2695 an
515 2646 835 2710 comperisset
873 2647 1166 2709 interrogat,
1206 2655 1350 2711 atque
1381 2646 1461 2695 illa
1498 2645 1731 2694 adnuente
1764 2645 1882 2692 cieri

169 2715 484 2769 5Narcissum
521 2715 747 2780 postulat.
802 2716 841 2763 is
871 2717 1057 2764 veniam
1084 2717 1130 2764 in
1167 2718 1475 2781 praeteritum
1511 2722 1708 2780 petenS,
1751 2713 1881 2777 quod

205 2786 250 2832 ei
278 2786 457 2849 Titios,
485 2786 703 2847 Vettios,
732 2785 946 2834 Plautios
975 2786 1397 2849 dissimulavisset,
1434 2800 1525 2834 nec
1550 2798 1674 2832 nunc
1699 2783 1877 2832 adulte-

206 2854 276 2902 ria
305 2855 601 2904 obiecturum
629 2855 708 2916 ait,
742 2855 913 2904 nedum
940 2856 1127 2904 domum
1157 2857 1350 2904 servitia
1374 2862 1422 2904 et
1443 2862 1636 2902 ceteros
1657 2853 1877 2902 fortunae

209 2931 403 2987 paratus
445 2931 748 2989 reposceret.
811 2926 1050 2974 frueretur
1083 2928 1221 2974 immo
1260 2925 1357 2987 his,
1398 2931 1470 2972 set
1504 2922 1730 2971 redderet
1761 2938 1874 2971 uxo-
