1976 3224
231 202 330 253 152
687 210 966 251 CORNELII
987 212 1188 251 TAGITI
1208 213 1515 252 ANNALIUM

283 340 442 383 Seditio
468 340 628 381 Romae
667 341 719 381 ob
756 341 1006 394 gravitatem
1041 353 1233 382 annonae
1265 342 1456 382 coercita.
1511 340 1581 382 20.
1609 341 1782 392 Equites
1808 342 1894 382 Ro-

280 398 396 443 mani
417 397 719 438 coniurationis
743 398 916 438 crimine
943 398 1111 438 cadunt.

363 455 435 496 21.
483 453 717 502 Germanici
751 454 863 495 filiae
887 454 936 494 L.
961 454 1107 496 Cassio
1135 460 1174 494 et
1200 453 1256 494 M.
1285 454 1452 495 Vinicio
1479 455 1652 495 locatae.
1693 455 1762 494 22.
1787 456 1891 496 Fae-

280 518 496 553 neratores
514 512 720 560 accusati3
743 523 965 564 repressae
987 523 1155 552 usurae.
1188 510 1257 552 23.
1285 511 1552 552 Liberalitate
1567 510 1760 552 Caesaris
1785 510 1891 552 fides

278 568 449 610 refecta.
479 569 550 608 24.
576 567 645 609 25.
677 569 832 608 Iterum
855 570 1144 608 accusationes
1169 568 1424 617 maiestatis,
1445 573 1485 608 et
1506 579 1651 609 omnes
1677 569 1891 608 societatis

279 639 374 667 cum
400 624 553 666 Seiano
575 626 639 665 rei
664 625 816 665 necati.
1295 643 1297 645 ·

362 681 434 725 26.
474 681 600 723 Gaius
628 681 782 723 Caesar
809 681 1026 723 Claudiam
1050 682 1177 723 ducit.
1229 681 1383 722 Tiberii
1406 682 1678 736 praesagium
1710 682 1762 722 de
1797 681 1888 723 Ser.

280 740 423 781 Galba.
481 739 550 779 27.
583 739 666 779 Ars
692 737 915 782 Chaldaea.
962 738 1222 780 Thrasullus.
1265 738 1335 779 28.
1364 738 1425 779 De
1447 737 1534 780 fato
1561 738 1778 779 dubitatio.
1816 738 1887 779 29.

277 797 455 838 Asinius
491 795 633 836 Gallus
668 796 767 836 obit.
816 795 929 836 Mors
966 795 1094 836 Drusi
1127 796 1381 836 miseranda.
1430 795 1500 837 30.
1550 797 1598 837 In
1637 807 1732 836 eum
1769 802 1890 836 atrox

277 854 433 894 Tiberii
459 853 642 894 animus.
689 851 758 893 31.
794 851 1034 906 Agrippina
1058 854 1167 905 perit
1200 852 1353 892 inedia.
1406 852 1476 894 32.
1517 852 1715 894 Cocceius
1751 852 1890 892 Nerva

278 916 429 964 sponte
454 911 539 951 vita
569 909 748 950 decedit.
801 908 871 952 33.
903 909 1015 950 Mors
1044 909 1152 949 Aelii
1178 909 1362 959 Lamiae,
1391 910 1526 951 Flacci
1550 909 1785 963 Pomponii,
1813 908 1886 948 M’.

276 967 335 1008 Le
367 967 456 1008 idi:

336 981 432 1066 Ρ34.
481 1023 672 1064 Phoenix
691 1024 734 1063 in
761 1023 958 1077 Aegypto
986 1024 1102 1070 visa;
1132 1035 1259 1076 super
1287 1036 1337 1063 ea
1363 1023 1625 1064 narrationes
1647 1029 1687 1063 et
1719 1022 1886 1063 iudicia.

275 1081 343 1123 35.
382 1081 521 1121 Labeo
554 1086 704 1134 sponte
741 1081 941 1127 moritur,
979 1079 1179 1120 invidiam
1212 1079 1432 1120 amoliente
1470 1080 1648 1121 Tiberio.
1705 1078 1888 1120 Scaurus

275 1138 588 1179 damnationem
612 1138 753 1178 anteit.
802 1136 869 1179 36.
898 1136 1016 1176 Varii
1044 1136 1157 1176 cives
1190 1137 1294 1176 urbe
1322 1137 1470 1178 exacti.
1525 1134 1763 1176 Gaetulicus
1780 1137 1887 1176 mira

274 1195 428 1236 fiducia
450 1194 603 1235 evadit.
1796 1217 1798 1220 v

359 1251 429 1293 37.
454 1250 524 1293 38.
567 1250 732 1291 Parthis
766 1251 1026 1291 Artabanum
1062 1250 1262 1290 amoturis
1300 1257 1340 1290 et
1373 1250 1609 1304 petentibus
1643 1261 1789 1303 regem
1814 1249 1888 1302 Ti-

274 1311 415 1351 berius
453 1310 523 1349 dat
558 1306 780 1348 Phraatem
820 1314 860 1347 et
891 1307 972 1348 hoc
1006 1314 1170 1347 mortuo
1210 1306 1437 1347 Tiridatem
1474 1307 1670 1348 destinat.
1727 1305 1887 1347 Orienti

271 1366 487 1407 Vitellium
509 1364 711 1418 praeficit.
770 1364 974 1406 39—41.
1020 1362 1196 1403 Parthos
1225 1364 1415 1404 Armenii
1441 1363 1667 1411 invadunt;
1705 1362 1784 1404 hos
1811 1361 1882 1405 Al-

270 1423 370 1464 bani
402 1422 633 1473 Hiberique,
666 1421 879 1462 Thessalis
921 1421 1000 1461 orti
1039 1420 1198 1460 iuvant.
1247 1421 1320 1461 42.
1357 1421 1575 1477 Artabanq
1601 1421 1646 1460 in
1673 1418 1886 1473 Scythiam

270 1479 455 1534 profugo
479 1478 549 1520 43.
579 1478 786 1519 Tiridates
810 1476 1049 1519 sufficitur..
1086 1478 1158 1520 44.
1199 1477 1357 1517 Romae
1380 1477 1570 1518 Tiberius
1597 1478 1760 1527 saevire
1787 1489 1884 1530 per-

271 1538 349 1591 git.
387 1536 459 1577 45.
488 1536 712 1589 Poppaeus
740 1534 920 1575 Sabinus
948 1534 1075 1575 obit.·
1631 1531 1634 1536 '

354 1592 428 1635 46.
457 1593 570 1633 Mors
593 1591 791 1632 Vibuleni
818 1591 1050 1645 Agrippae,
1078 1590 1298 1644 Tigranis,
1329 1590 1534 1632 Aemiliae
1559 1592 1760 1645 Lepidae.
1811 1593 1884 1631 47.

272 1651 400 1692 Clitas
427 1649 714 1702 Cappadoces,
740 1650 834 1702 regi
863 1660 940 1689 suo
967 1647 1159 1697 rebelles,
1187 1647 1379 1700 reprimit
1402 1648 1650 1688 Trebellius.
1702 1647 1774 1690 48.
1813 1648 1880 1688 Ti-

270 1707 427 1747 ridates
455 1706 623 1758 insigne
652 1706 816 1758 regium
839 1705 1001 1758 accipit.
1053 1703 1125 1746 49.
1161 1703 1260 1744 Mox
1293 1700 1513 1758 p‘rocerum
1550 1705 1727 1746 discidio
1764 1705 1883 1758 pelli-

268 1772 349 1814 tur,
379 1763 450 1804 50.
481 1762 695 1802 Artabano
719 1763 924 1802 restituto.

352 1820 423 1861 51.
463 1818 596 1860 Grave
626 1819 867 1859 incendium
897 1817 1055 1858 Romae
1075 1817 1266 1859 Tiberius
1293 1818 1541 1859 liberalitate
1566 1819 1747 1872 mitigat.
1794 1818 1883 1859 Ma-

270 1890 340 1918 cro
369 1876 601 1930 Caligulam
624 1882 776 1930 captat.
827 1875 898 1916 52.
935 1875 1127 1915 Tiberius
1154 1875 1206 1915 de
1239 1887 1484 1916 successore
1509 1875 1727 1916 deliberat.
1779 1876 1881 1916 Eius

269 1934 542 1989 praesagium
568 1933 621 1972 de
645 1932 851 1986 Caligula.
886 1931 1077 1972 Morbum
1101 1931 1351 1972 dissimulat.
1380 1931 1450 1973 53.
1473 1933 1624 1973 Acutia
1644 1932 1880 1984 damnatur,

272 1990 718 2043 Albucillaimpietatis
739 1991 782 2030 in
799 1990 1033 2043 principem
1054 1987 1256 2032 defertur.
1294 1989 1364 2030 54.
1378 1990 1604 2030 Arruntius
1617 1989 1758 2030 taedio
1776 1997 1882 2030 tem·

270 2060 421 2103 porum
450 2059 582 2087 venas
613 2047 799 2087 resolvit.
847 2046 918 2087 55.
952 2045 1156 2098 Papinius
1193 2059 1239 2086 se
1272 2046 1533 2099 praecipitat.
1584 2045 1656 2088 56.
1688 2046 1881 2087 Tiberius

272 2105 550 2146 defectionem
585 2115 706 2144 suam
731 2103 859 2158 tegit,
897 2102 1100 2144 Chariclis
1133 2103 1284 2143 medici
1319 2110 1414 2142 astu
1451 2110 1720 2156 compertam.
1774 2103 1881 2143 Finit

273 2173 517 2216 oppressus.
563 2160 633 2201 57.
662 2161 764 2201 Eius
787 2161 894 2200 varii
919 2171 1041 2200 casus
1069 2166 1109 2199 et
1132 2171 1286 2200 mores.

356 2218 481 2260 Gesta
501 2218 604 2258 haec
624 2219 746 2258 annis
765 2217 928 2257 circiter
954 2221 1129 2269 septem,
1153 2216 1216 2256 Ti.
1239 2215 1469 2257 CaesareV
1494 2215 1543 2258 L.
1571 2216 1692 2257 Aelio
1712 2214 1879 2267 Seiano,

271 2275 345 2316 Cn.
377 2275 558 2315 Domitio
600 2274 656 2318 M.
695 2275 819 2315 Furio
856 2273 1052 2323 Camillo,
1088 2272 1178 2314 Ser.
1218 2272 1402 2326 Sulpicio
1440 2270 1570 2313 Galba
1603 2271 1651 2313 L.
1688 2273 1880 2314 Cornelio

273 2331 401 2380 Sulla,
428 2331 558 2371 Paulo
592 2332 719 2371 Fabio
755 2331 804 2372 L.
832 2330 1027 2377 Vitellio,
1064 2329 1111 2372 C.
1141 2329 1279 2371 Cestio
1313 2327 1427 2368 Gallo
1456 2329 1511 2369 M.
1543 2327 1720 2370 Servilio
1752 2329 1878 2379 Rufo,

272 2387 321 2437 Q.
351 2388 513 2428 Plautio
541 2387 638 2428 Sex.
664 2387 855 2440 Papinio,
883 2385 959 2428 Cn.
989 2386 1220 2427 Acerronio
1247 2384 1291 2426 C.
1320 2385 1468 2426 Pontio
1498 2397 1618 2430 coss„

154 2488 242 2547 v‚a
334 2481 378 2528 1.
542 2479 777 2540 Quattuor
811 2487 858 2527 et
895 2479 1207 2543 quadraginta
1253 2479 1496 2527 orationes
1534 2491 1682 2542 super
1725 2469 1782 2526 ea
1825 2493 1878 2527 re

213 2549 427 2611 habitae,
473 2563 534 2596 ex
573 2549 678 2612 quis
714 2547 776 2597 ob
812 2556 986 2597 metum
1014 2564 1222 2614 paucae,
1268 2548 1432 2614 plures
1462 2545 1804 2597 adsuetudine.
1829 2583 1871 2596 ..

216 2655 226 2665 .
251 2656 296 2667 ..
327 2618 459 2666 ‘mihi
508 2617 737 2681 pudorem
785 2626 863 2666 aut
899 2618 1076 2667 Seiano
1125 2617 1349 2667 invidiam
1387 2617 1651 2666 adlaturum
1697 2617 1876 2665 censui.

214 2703 356 2736 versa
391 2694 464 2735 est
496 2688 685 2736 fortuna
747 2695 794 2735 et
818 2687 901 2735 ille
929 2687 1141 2762 quidem,
1183 2689 1263 2753 qui
1291 2687 1531 2750 collegam
1566 2692 1613 2734 et
1683 2700 1877 2734 enerum

175 2773 239 2806 sa
305 2814 324 2821 „
362 2820 367 2824 ¹
410 2744 841 2827 ...faa-§.lssllgliffffi
869 2775 879 2806 :
911 2751 1394 2822 ceffii}''*ijii3ffl”fie“r
1453 2770 1480 2804 e
1517 2768 1661 2804 ecora
1709 2744 1876 2817 οὗέῗε,

218 2841 322 2874 cum
353 2822 543 2874 scelere
574 2826 839 2875 insectantu
870 2864 881 2875 .
936 2827 1155 2874 miserius
1182 2827 1242 2874 sit
1268 2825 1330 2874 ob
1367 2825 1620 2874 amicitiam
1657 2825 1875 2874 accusari

215 2909 273 2942 an
313 2897 509 2942 amicum
547 2909 806 2944 accusare.
854 2895 978 2944 haud
1010 2896 1337 2944 discreverim.
1396 2908 1493 2942 non
1531 2892 1874 2954 crudelitatem,
