2008 3230
169 195 236 246 12
602 206 878 245 CORNELII
899 207 1093 246 TACITI
1115 208 1421 247 ANNALmM

167 335 230 383 tia
255 335 480 397 iniretur,
521 343 568 383 ut
595 335 811 398 singulos
837 336 1062 384 denarios
1097 344 1364 399 mererent,
1406 345 1570 386 sextus
1604 338 1833 387 decumus

167 404 390 468 stipendii
413 419 560 452 annus
587 405 728 453 finem
755 405 996 467 adferret,
1027 421 1087 453 ne
1116 406 1238 454 ultra
1274 406 1361 454 sub
1391 407 1583 455 vexillis
1611 415 1832 455 teneren-

105 493 150 526 20
168 482 268 536 tur,
305 481 380 521 set
415 474 567 522 isdem
608 475 654 523 in
691 476 861 523 castris
896 476 1157 540 praemium
1194 477 1399 538 pecunia
1432 477 1722 525 solveretur.
1776 492 1835 526 an

166 544 439 607 praetorias
466 543 722 607 cohortes,
769 560 891 608 quae
929 544 1067 593 binos
1102 545 1326 594 denarios
1370 547 1674 610 acceperint,
1712 561 1835 610 quae

166 621 278 676 post
305 613 517 662 sedecim
545 629 694 662 annos
723 614 975 679 penatibus
1003 616 1101 663 suis
1127 615 1413 678 reddantur,
1451 617 1560 679 plus
1590 616 1836 680 periculo-

164 699 267 731 rum
295 681 584 748 suscipere?
619 699 713 732 non
755 684 1016 733 obtrectari
1057 699 1083 733 a
1114 699 1168 733 se
1198 685 1405 748 urbanas
1447 685 1705 735 excubias:
1745 685 1835 734 sibi
1866 697 1878 704 ’·

165 761 324 809 tamen
350 755 476 817 apud
503 754 723 802 horridas
749 762 923 817 gentes
950 770 976 803 e
1006 754 1333 804 contuberniis
1357 755 1546 804 hostem
1571 755 1738 820 aspici.
1768 761 1830 814 {23

131 846 133 848 ’
203 820 349 871 ’““18.
390 822 722 888 Adstrepebat
748 824 941 888 vulgus,
971 825 1175 873 diversis
1202 825 1548 887 incitamentis,
1585 825 1634 874 hi
1658 810 1832 874 νοὶῧῖῖὲ

162 908 265 942 rum
285 899 443 954 notaS,
470 893 540 942 illi
563 895 801 957 canitiem,
829 894 1018 958 plurimi
1039 894 1211 943 detrita
1233 896 1442 958 tegmina
1464 903 1511 943 et
1531 895 1703 944 nudum
1727 909 1833 944 cor-

165 978 253 1027 pus
281 963 651 1026 exprobrantes,
703 971 951 1028 postremo
981 978 1041 1012 eo
1069 964 1246 1012 furoris
1264 979 1463 1027 venere,
1491 972 1541 1013 ut
1559 972 1659 1013 tres
1679 964 1832 1028 legio·

161 1048 250 1081 nes
277 1034 485 1081 miscere
513 1034 559 1080 in
584 1048 722 1082 unam
749 1035 1052 1097 agitaverint.
1110 1034 1301 1098 depulsi
1338 1034 1684 1099 aemulatione,
1724 1036 1834 1098 quia

123 1120 144 1151 5
167 1118 284 1151 suae
319 1104 521 1167 quisque
549 1103 730 1166 legioni
758 1119 865 1152 eum
891 1104 1124 1152 honorem
1153 1103 1477 1167 quaerebant,
1517 1105 1612 1153 alio
1644 1111 1835 1152 vertunt

112 1214 117 1217 „
151 1171 306 1236 'atque
332 1187 423 1221 una
449 1180 549 1222 tres
577 1173 764 1238 aquilas
791 1181 839 1221 et
868 1174 1003 1236 signa
1030 1173 1299 1222 cohortium
1322 1173 1509 1229 locant;
1548 1174 1687 1225 simul
1721 1188 1832 1222 con-

161 1250 337 1306 gerunt
371 1244 644 1307 caespites,
678 1250 927 1291 exstruunt
955 1242 1193 1305 tribunal,
1242 1259 1336 1307 quo
1376 1245 1528 1306 magis
1569 1244 1832 1307 conspicua

161 1312 308 1361 sedes
346 1312 503 1378 foret..
550 1312 920 1376 properantibus
963 1312 1165 1361 Blaesus
1197 1313 1415 1375 advenit,
1458 1312 1833 1377 increpabatque

161 1396 220 1431 ac
244 1382 485 1431 retinebat
520 1383 762 1445 singulos,
797 1382 1042 1430 clamitans
1080 1387 1216 1430 ‘mea
1253 1385 1413 1446 potius
1452 1383 1602 1431 caede
1639 1382 1833 1430 imbuite

164 1467 353 1503 manus:
383 1453 570 1501 leviore
598 1453 780 1515 flagitio
805 1453 1015 1514 legatum
1049 1452 1347 1501 interficietis
1378 1468 1515 1516 quam
1543 1452 1602 1501 ab
1630 1453 1831 1516 impera-

159 1530 268 1571 tore
297 1522 584 1571 desciscitis.
639 1531 716 1571 aut
741 1522 991 1585 incolumis
1018 1522 1160 1570 fidem
1194 1522 1438 1585 legionum
1470 1522 1719 1583 retinebO,
1755 1529 1834 1570 aut

160 1591 403 1654 iugulatus
431 1593 766 1656 paenitentiam
793 1591 1131 1640 adcelerabo.'

266 1663 345 1711 19.
388 1661 731 1724 Aggerabatur
768 1662 915 1710 nihilo
953 1663 1103 1709 minus
1143 1676 1350 1727 caespes
1399 1662 1587 1726 iamque
1641 1662 1831 1726 pectori

163 1731 268 1779 eius
296 1746 450 1794 usque
477 1729 788 1792 adcr'everat,
819 1747 922 1779 cum
947 1731 1136 1779 tandem
1161 1732 1438 1794 pervicacia
1459 1732 1572 1780 victi
1591 1731 1832 1795 inceptum

162 1801 389 1849 omisere.
435 1799 636 1849 Blaesus
672 1801 816 1848 multa
851 1801 1039 1849 dicendi
1079 1808 1183 1849 arte
1218 1814 1312 1848 non
1349 1816 1438 1865 per
1475 1801 1757 1849 seditionem
1784 1808 1832 1848 et

162 1869 326 1918 turbas
358 1870 598 1919 desideria
624 1870 820 1918 militum
849 1871 907 1919 ad
938 1868 1199 1920 Caesarem
1228 1870 1428 1919 ferenda
1457 1872 1537 1932 ait,
1567 1886 1726 1935 neque
1746 1885 1829 1918 ve-

123 1947 295 1991 steres
324 1939 381 1988 ab
417 1939 788 2003 imperatoribus
826 1941 1000 2004 priscis
1034 1956 1193 2004 neque
1229 1941 1364 2004 ipsos
1403 1956 1429 1989 a
1463 1940 1573 1989 divo
1609 1940 1830 2003 Augusto

160 2018 254 2058 tam
282 2024 406 2059 nova
434 2010 689 2073 petivisse3
723 2017 771 2058 et
790 2025 956 2074 parum
980 2011 1025 2057 in
1046 2018 1265 2074 tempore
1290 2010 1576 2073 incipientes
1597 2010 1830 2074 principis

161 2093 303 2127 curas
341 2080 550 2127 onerari.
608 2081 649 2128 si
690 2087 847 2128 tamen
889 2081 1144 2128 tenderent
1182 2081 1228 2128 in
1268 2095 1392 2144 pace
1429 2086 1664 2143 temptare
1705 2093 1828 2143 quae

160 2164 220 2196 ne
259 2149 468 2197 civilium
504 2149 695 2212 quidem
733 2150 971 2198 bellorum
1007 2151 1221 2198 victores
1262 2149 1704 2212 expostulaverint,
1746 2163 1830 2196 cur

162 2225 330 2267 eontra
356 2234 538 2267 morem
565 2219 813 2283 obsequii,
843 2227 1007 2268 contra
1033 2219 1106 2269 fas
1145 2220 1428 2283 disciplinae
1463 2219 1556 2266 vim
1596 2218 1828 2266 mediten-

102 2305 145 2338 ιο
161 2285 269 2335 tur?
305 2288 628 2337 decernerent
655 2289 844 2350 legatos
873 2303 1022 2351 seque
1057 2303 1216 2336 coram
1255 2289 1471 2336 mandata
1507 2288 1690 2336 darent.
1747 2286 1826 2335 ad-

161 2357 436 2404 clamavere
476 2365 525 2404 ut
561 2358 684 2405 iilius
723 2357 881 2406 Blaesi
919 2357 1132 2406 tribunus
1172 2358 1415 2420 legatione
1458 2371 1515 2405 ea
1545 2357 1828 2419 fungeretur

159 2433 448 2490 peteretque
468 2426 694 2474 militibus
714 2428 989 2475 missionem
1011 2427 1069 2475 ab
1093 2427 1304 2475 sedecim
1331 2428 1488 2475 annis:
1518 2433 1679 2474 cetera
1699 2440 1825 2473 man-

159 2496 380 2557 daturos,
408 2495 488 2543 ubi
515 2498 664 2559 prima
699 2497 1053 2559 provenissent.
1126 2497 1347 2559 profecto
1385 2498 1556 2544 iuvene
1593 2495 1826 2544 modicum

160 2566 332 2614 otium:
369 2565 456 2613 sed
482 2566 735 2629 superbire
763 2565 932 2627 mileS,
967 2566 1094 2629 quod
1133 2566 1255 2614 iilius
1294 2566 1440 2628 legati
1472 2572 1635 2613 orator
1670 2563 1823 2627 publi-

104 2652 143 2683 15
163 2649 250 2682 cae
286 2649 463 2683 causae
504 2637 620 2683 satis
658 2634 939 2684 ostenderet
973 2637 1266 2684 necessitate
1305 2649 1540 2699 expressa
1577 2648 1706 2697 quae.
1737 2647 1826 2696 per

158 2704 441 2752 modestiam
469 2719 563 2753 non
589 2704 919 2752 obtinuissent.

261 2772 342 2821 20.
384 2773 572 2822 Interea
615 2774 836 2837 manipuli
880 2783 989 2823 ante
1030 2783 1250 2837 coeptam
1285 2774 1566 2822 seditionem
1604 2771 1822 2834 Naupor-

157 2842 251 2888 tum
278 2843 408 2889 missi
443 2844 505 2891 ob
535 2845 700 2892 itinera
732 2851 779 2890 et
810 2852 982 2906 pontes
1015 2852 1062 2892 et
1098 2844 1219 2892 alios
1255 2859 1396 2904 usus,
1435 2849 1686 2906 postquam
1727 2848 1820 2887 tur-

156 2909 315 2958 batum
336 2912 380 2958 in
405 2914 574 2960 castris
598 2927 856 2975 accepere,
887 2914 1064 2963 vexilla
1086 2913 1363 2961 convellunt
1383 2911 1679 2974 direptisque
1710 2922 1820 2973 pro-
