1976 3224
589 195 765 233 1213ssss
798 195 894 234 xv.
931 194 1055 234 CAP.
1090 192 1310 238 50—454.
1688 185 1788 236 305

121 322 286 373 urbem
320 324 367 371 in
404 322 487 372 illa
523 323 675 372 invisa
712 330 760 371 et
789 322 960 387 spoliis
989 324 1159 372 civium
1188 330 1431 373 exstructa
1467 321 1608 371 domo
1636 323 1716 371 vel
1743 325 1789 371 in

49 410 53 418 *
122 393 318 459 publico
359 400 632 457 patraturos
673 392 801 457 quod
832 407 921 456 pro
957 408 1012 442 re
1046 392 1239 457 publica
1266 394 1611 457 suscepissent.
1666 391 1787 443 haec

119 463 168 512 in
193 477 466 526 commune,
506 469 719 510 ceterum
750 462 919 510 timore
961 461 1182 525 occulto,
1222 477 1282 510 ne
1317 462 1368 511 L.
1397 462 1587 511 Silanus
1617 463 1789 510 eximia

119 531 370 581 nobilitate
397 531 747 596 disciplinaque
775 530 829 581 C.
861 530 1039 595 Cassii,
1075 531 1200 596 apud
1228 546 1370 596 quem
1404 531 1633 580 educatus
1669 538 1787 595 erat,
1805 547 1847 582 10

120 601 180 651 ad
207 616 393 651 omnem
416 600 745 650 claritudinem
770 600 985 650 sublatus
1002 602 1250 666 imperium
1271 601 1537 664 invaderet,
1566 608 1789 666 prompte

120 671 300 721 daturis
319 668 406 736 'qui
435 686 462 720 a
492 672 822 721 coniuratione
848 672 1021 735 integri
1050 679 1214 720 essent
1244 672 1422 736 quique
1447 672 1791 720 miserarentur

117 739 363 790 Neronem
398 747 635 805 tamquam
672 756 760 806 per
791 741 950 790 scelus
984 740 1303 790 interfectum.
1354 741 1574 806 plerique
1599 740 1790 790 Vestini

120 824 312 875 quoque
335 810 548 859 consulis
566 825 679 859 acre
705 812 947 874 ingenium
966 811 1196 859 vitavisse
1217 810 1439 859 Pisonem
1462 810 1786 874 crediderunt,

117 894 180 928 ne
216 878 277 928 ad
308 878 579 929 libertatem
618 888 861 943 oreretur,
902 880 982 929 vel
1019 880 1212 929 delecto
1251 881 1545 945 imperatore
1587 880 1679 929 alio
1716 881 1845 929 sui15

116 950 325 998 muneris
363 963 466 998 rem
493 948 734 1014 publicam
759 949 959 998 faceret
1021 951 1194 998 etenim
1226 965 1405 1014 expers
1444 949 1831 999 coniurationis

118 1026 248 1082 erat,
292 1018 507 1083 quamvis
550 1034 697 1084 super
735 1034 795 1067 eo
841 1020 1035 1068 crimine
1076 1017 1208 1067 Nero
1248 1027 1384 1068 vetus
1427 1019 1680 1068 adversum
1719 1020 1786 1067 in-

118 1096 306 1138 sontem
335 1088 493 1138 odium
520 1089 809 1153 expleverit.

226 1157 310 1208 53.
350 1157 562 1207 Tandem
591 1165 803 1207 statuere
832 1158 1115 1207 circensium
1142 1158 1358 1215 ludorum
1378 1157 1482 1221 die,
1511 1158 1590 1222 qui
1617 1157 1786 1207 Cereri

118 1226 408 1290 celebratur,
441 1228 641 1292 exsequi
670 1226 922 1290 destinata,
954 1228 1061 1292 quia
1089 1225 1273 1277 Caesar
1296 1242 1433 1276 rarus
1466 1242 1672 1290 egressu
1699 1227 1784 1276 do-

116 1311 290 1362 moque
329 1304 408 1346 aut
443 1296 595 1346 hortis
637 1296 826 1346 clausus
857 1297 916 1347 ad
951 1297 1132 1346 ludicra
1171 1297 1295 1346 circi
1321 1295 1587 1346 ventitabat
1625 1311 1783 1362 prom-

118 1367 399 1431 ptioresque
433 1366 587 1416 aditus
622 1374 756 1416 erant
794 1366 975 1416 laetitia
1010 1366 1294 1431 spectaculi.
1345 1366 1563 1415 ordinem
1599 1366 1784 1416 insidiis

117 1443 515 1500 composuerant,
565 1443 614 1485 ut
652 1435 940 1498 LateranuS,
986 1438 1121 1501 quasi
1160 1435 1419 1485 subsidium
1454 1436 1527 1484 rei
1563 1435 1823 1486 familiaris

117 1513 305 1568 oraret,
332 1505 730 1570 deprecabundus
759 1513 805 1555 et
831 1505 1034 1570 genibus
1063 1506 1295 1570 principis
1320 1504 1547 1555 accidens
1569 1513 1784 1570 proster-

116 1582 253 1623 neret
288 1575 526 1624 incautum
563 1582 933 1639 premeretque,
973 1576 1115 1624 animi
1157 1575 1342 1624 validus
1379 1581 1427 1623 et
1466 1588 1678 1639 corpore
1715 1576 1782 1624 in-

115 1659 253 1707 gens.
304 1651 399 1693 tum
433 1645 669 1693 iacentem
705 1652 751 1693 et
782 1645 1058 1710 impeditum
1092 1643 1267 1694 tribuni
1304 1652 1351 1693 et
1391 1645 1699 1693 centuriones
1737 1651 1785 1694 et

116 1720 416 1777 ceterorum,
453 1721 504 1762 ut
533 1716 734 1779 quisque
770 1715 1022 1763 audentiae
1050 1713 1321 1778 habuisset,
1351 1713 1663 1763 adcurrerent
1686 1721 1782 1763 tru-

118 1781 457 1847 cidarentque,
498 1784 675 1847 primas
712 1783 802 1832 sibi
831 1792 993 1847 partes
1029 1784 1366 1850 expostulante
1394 1783 1664 1846 Scaevin0,
1703 1785 1842 1848 qui1⁰

119 1851 378 1915 pugionem
413 1852 594 1916 templo
635 1853 811 1901 Salutis
855 1854 985 1917 sive,
1028 1862 1079 1902 ut
1114 1853 1194 1902 alii
1227 1853 1498 1916 tradidere,
1540 1851 1784 1902 Fortunae

117 1919 375 1971 Ferentino
418 1922 466 1969 in
507 1921 688 1985 oppido
744 1921 1019 1971 detraxerat
1060 1922 1383 1987 gestabatque
1426 1923 1561 1971 velut
1606 1936 1782 1986 magno

117 1990 258 2054 operi
284 2005 489 2040 sacrum.
534 1990 722 2039 interim
743 1990 854 2040 Piso
883 1991 1008 2056 apud
1036 1991 1205 2041 aedem
1228 1990 1422 2041 Cereris
1454 1992 1782 2056 opperiretur,

114 2058 239 2108 unde
276 2075 382 2109 eum
426 2061 702 2124 praefectus
738 2059 945 2109 Faenius
985 2068 1032 2110 et
1077 2062 1229 2110 ceteri
1270 2062 1473 2110 accitum
1507 2060 1692 2109 ferrent
1734 2062 1783 2109 in

115 2136 302 2193 castra,
343 2130 598 2178 comitante
625 2129 833 2178 Antonia
871 2129 1054 2179 Claudii
1091 2129 1315 2180 Caesaris
1352 2130 1447 2179 filia
1488 2129 1547 2179 ad
1583 2130 1839 2179 ancien-1⁶

114 2197 222 2246 dum
248 2198 383 2262 volgi
410 2199 645 2262 favorem,
678 2199 804 2263 quod
833 2198 886 2248 C.
916 2199 1094 2248 Plinius
1121 2207 1370 2249 memorat.
1423 2199 1562 2248 nobis
1585 2213 1779 2264 quoquo

112 2267 257 2317 modo
295 2268 514 2318 traditum
555 2283 650 2317 non
687 2268 932 2317 occultare
957 2270 1003 2317 in
1028 2270 1182 2319 animo
1219 2269 1329 2333 fuit,
1369 2269 1582 2334 quamvis
1615 2268 1779 2320 absur-

113 2337 221 2386 dum
249 2337 492 2387 videretur
530 2346 607 2386 aut
642 2339 827 2387 inanem
862 2338 920 2387 ad
950 2353 1086 2403 spem
1113 2338 1371 2388 Antoniam
1405 2353 1581 2388 nomen
1617 2346 1664 2388 et
1695 2353 1778 2403 pe·

114 2406 312 2455 riculum
342 2407 738 2470 commodavisse,
770 2415 848 2457 aut
868 2407 1092 2457 Pisonem
1123 2416 1284 2457 notum
1311 2423 1477 2458 amore
1504 2409 1670 2456 uxoris
1699 2407 1780 2457 alii

113 2477 408 2525 matrimonio
441 2492 496 2526 se
523 2476 864 2541 obstrinxisse,
902 2478 991 2527 nisi
1019 2479 1058 2527 si
1095 2477 1269 2542 cupido
1297 2476 1565 2526 dominandi
1592 2477 1775 2526 cunctis
1792 2487 1837 2522 20

112 2544 382 2594 adfectibus
408 2546 687 2609 flagrantior
711 2554 800 2596 est.

220 2615 304 2666 54.
345 2615 441 2664 Sed
476 2616 641 2664 mirum
677 2631 816 2680 quam
857 2617 979 2664 inter
1019 2616 1194 2664 diversi
1220 2617 1417 2679 generis
1447 2615 1653 2679 ordiniS,
1698 2630 1775 2664 ae-

113 2685 221 2733 tatis
255 2700 425 2746 sexus,
464 2684 586 2734 dites
613 2700 855 2749 pauperes
890 2686 1208 2734 taciturnitate
1238 2686 1394 2735 omnia
1421 2684 1631 2736 cohibita
1665 2684 1775 2748 sint,

114 2753 271 2802 donec
309 2755 516 2818 proditio
563 2756 725 2819 coepit
764 2770 790 2803 e
826 2754 967 2804 domo
995 2755 1241 2812 Scaevini;
1281 2756 1358 2819 qui
1397 2754 1551 2820 pridie
1585 2753 1774 2803 insidia-

114 2837 216 2871 rum
241 2824 386 2872 multo
414 2839 636 2872 sermone
669 2839 773 2873 cum
800 2824 1009 2874 Antonio
1037 2823 1237 2887 Natale,
1268 2824 1378 2873 dein
1402 2838 1660 2888 regressus
1690 2822 1773 2873 do-

115 2906 237 2940 mum
270 2899 599 2942 testamentum
639 2893 935 2958 obsignavit,
973 2901 1242 2960 promptum
1276 2896 1451 2958 vagina
1491 2895 1772 2958 pugionem,
1797 2911 1817 2943 s

184 2978 328 3009 τΑοιτῐ
349 2980 464 3012 PARS
486 2982 514 3011 ι.
1437 2963 1503 3012 20
