2008 3230
192 237 258 287 20
610 247 887 287 commun
915 247 1112 287 TAorm
1140 247 1445 287 ANNALIUM

191 377 325 439 ritas,
353 375 596 439 flagitiosa
623 375 842 440 largitio:
868 391 956 425 seu
979 370 1099 425 'nihil
1121 376 1258 425 militi
1293 377 1396 425 sive
1434 377 1591 424 omnia
1614 373 1867 424 concede·

190 452 372 508 rentur,
398 446 444 493 in
472 445 668 510 ancipiti
692 460 774 494 res
811 446 1021 510 publica.
1095 447 1239 510 igitur
1275 446 1502 495 volutatis
1536 447 1661 494 inter
1702 460 1757 494 se
1793 459 1866 494 ra-

135 533 176 566 10
191 515 399 565 tionibus
428 515 658 580 placitum
683 523 734 564 ut
763 516 998 580 epistulae
1026 517 1216 565 nomine
1244 516 1477 580 principis
1515 515 1867 564 scriberentur:

190 586 470 635 missionem
501 585 604 634 dari
629 585 800 634 vicena
830 585 1068 650 stipendia
1092 586 1293 647 meritiS,
1325 586 1631 635 exauctorari
1652 585 1869 649 quisena

196 655 320 705 dena
347 656 582 704 fecissent
608 668 667 703 ac
692 655 892 703 retineri
922 655 1009 703 sub
1035 655 1219 709 vexillo
1245 663 1519 704 ceterorum
1544 656 1760 703 inmunes
1779 654 1870 703 nisi

190 725 507 790 propulsandi
522 725 693 786 hostiS,
711 725 874 788 legata
891 739 1015 789 quae
1030 726 1302 790 petiverant
1314 726 1504 774 exsolvi
1518 725 1866 790 duplicarique.

299 795 383 845 37.
422 795 585 843 Sensit
610 794 749 843 miles
787 796 834 845 in
861 802 1050 859 tempus
1088 795 1294 844 conficta
1330 796 1584 859 statimque
1621 794 1867 858 flagitavit.

190 865 356 914 missio
387 879 477 929 per
501 864 720 914 tribunos
745 872 1025 926 maturatur,
1056 865 1248 928 largitio
1271 864 1585 922 differebatur
1603 865 1649 912 in
1670 864 1869 914 hiberna

194 935 458 998 cuiusque.
488 948 585 983 non
611 934 906 983 abscessere
934 935 1144 998 quintani
1173 929 1743 998 unietvicensimanique,
1785 933 1868 983 do-

190 1019 284 1052 nec
311 1004 467 1053 isdem
494 1005 540 1051 in
566 1005 764 1052 aestivis
793 1012 1042 1053 contracta
1080 1019 1144 1053 ex
1182 1005 1362 1054 viatico
1397 1006 1659 1062 amicorum
1693 1004 1867 1068 ipsius·

154 1095 175 1128 5
192 1089 285 1138 que
314 1072 541 1123 Caesaris
569 1075 775 1138 pecunia
802 1074 1186 1138 persolveretur.
1242 1075 1441 1138 primam
1474 1089 1532 1124 ac
1559 1074 1870 1122 vicensimam

191 1144 414 1207 legiones
443 1142 652 1193 Caecina
678 1144 869 1207 legatus
898 1145 944 1192 in
971 1145 1214 1193 civitatem
1239 1143 1475 1193 Ubiorum
1499 1143 1716 1205 reduxit,
1743 1144 1869 1207 turpi

191 1215 408 1276 agmine,
449 1228 554 1262 cum
592 1214 698 1262 fisci
734 1213 794 1262 de
834 1214 1127 1278 imperatore
1161 1215 1286 1278 rapti
1327 1215 1451 1262 inter
1485 1214 1620 1277 signa
1646 1215 1866 1277 interque

190 1283 377 1347 aquilas
417 1282 727 1332 veherentur.
792 1282 1104 1332 Germanicus
1148 1284 1452 1348 superiorem
1498 1283 1557 1332 ad
1605 1284 1869 1332 exercitum

190 1352 442 1417 profectus
469 1353 729 1402 secundam
760 1361 807 1401 et
835 1355 1023 1402 tertiam
1051 1354 1296 1403 decumam
1327 1362 1374 1403 et
1399 1361 1587 1403 sextam
1624 1353 1869 1402 decumam

135 1421 420 1486 lolegiones
445 1422 560 1471 nihil
589 1430 839 1472 cunctatas
881 1431 1182 1472 sacramento
1222 1424 1386 1487 adigit.
1447 1423 1868 1488 quartadecumani

190 1492 383 1557 paulum
421 1492 782 1541 dubitaverant:
818 1494 1025 1557 pecunia
1061 1500 1110 1542 et
1147 1494 1312 1542 missio
1351 1494 1566 1557 quamvis
1603 1507 1699 1541 non
1734 1492 1866 1556 flagi-

187 1562 397 1612 tantibus
430 1562 594 1612 oblata
625 1570 714 1611 est.
782 1577 787 1582 ’

293 1632 375 1683 38.
414 1631 479 1680 At
501 1633 549 1681 in
575 1630 783 1681 Chaucis
809 1641 1105 1698 coeptavere
1127 1632 1415 1682 seditionem
1441 1631 1733 1696 praesidium
1768 1633 1867 1695 agi-

188 1708 345 1750 tantes
382 1702 622 1750 vexillarii
669 1702 959 1752 discordium
1009 1704 1252 1766 legionum
1287 1709 1335 1751 et
1378 1702 1624 1767 praesenti
1668 1701 1868 1750 duorum

187 1771 386 1820 militum
416 1771 658 1835 supplicio
684 1772 877 1836 paulum
903 1774 1120 1837 repressi
1154 1779 1277 1820 sunt.
1337 1773 1545 1820 iusserat
1578 1771 1625 1820 id
1660 1770 1742 1820 Μ’.
1772 1769 1866 1834 En·

189 1840 295 1889 nius
327 1848 594 1889 castrorum
620 1841 918 1905 praefectuS,
948 1843 1076 1892 bono
1116 1843 1270 1905 magis
1308 1842 1536 1906 exemplo
1575 1854 1716 1905 quam
1753 1854 1865 1889 con-

147 1933 168 1965 5
192 1925 335 1959 cesso
364 1911 483 1959 iure.
539 1911 713 1960 deinde
740 1911 1090 1962 intumescente
1118 1920 1248 1960 motu
1269 1911 1502 1976 profugus
1523 1918 1865 1975 repertusque,

189 1987 445 2044 postquam
474 1981 651 2030 intutae
678 1981 924 2047 latebrae,
963 1982 1254 2046 praesidium
1292 1981 1351 2030 ab
1379 1981 1580 2031 audacia
1605 1988 1840 2030 mutuatur

188 2063 284 2098 non
313 2049 617 2114 praefectum
644 2051 703 2099 ab
731 2051 806 2113 iis,
837 2052 922 2100 sed
942 2051 1272 2102 Germanicum
1299 2051 1486 2115 ducem,
1515 2051 1603 2099 sed
1624 2049 1863 2099 Tiberium

189 2120 532 2184 imperatorem
559 2120 749 2170 violari.
802 2121 941 2170 simul
971 2123 1216 2171 exterritis
1247 2122 1327 2185 qui
1355 2121 1658 2182 obstiterant,
1680 2128 1863 2184 raptum

189 2189 420 2238 vexillum
440 2190 499 2239 ad
519 2191 670 2254 ripam
692 2193 854 2254 vertit,
877 2198 925 2240 et
945 2193 985 2240 si
1006 2193 1112 2256 quis
1133 2192 1320 2254 agmine
1337 2190 1654 2250 decessisset,
1678 2202 1766 2254 pro
1782 2189 1862 2238 de-

132 2276 172 2310 10
191 2266 380 2307 sertore
395 2259 504 2308 fore
520 2260 784 2322 clamitanS,
798 2261 990 2310 reduxit
1002 2262 1048 2309 in
1061 2261 1262 2310 hiberna
1276 2259 1493 2308 turbidos
1510 2267 1557 2308 et
1572 2259 1687 2308 nihil
1701 2273 1862 2308 ausos.

296 2328 379 2378 39.
415 2328 607 2378 Interea
643 2330 792 2392 legati
832 2331 892 2379 ab
933 2338 1102 2379 senatu
1140 2345 1421 2394 regressum
1454 2330 1546 2378 iam
1585 2329 1711 2393 apud
1738 2344 1865 2379 aram

187 2397 421 2447 Ubiorum
448 2397 780 2447 Germanicum
811 2401 1002 2449 adeunt.
1065 2401 1187 2449 duae
1226 2400 1292 2448 ibi
1327 2399 1578 2462 legioneS,
1613 2399 1763 2462 prima
1795 2407 1862 2447 at·

190 2483 282 2531 que
309 2468 597 2530 vicensima,
637 2471 952 2534 veteranique
982 2485 1137 2534 nuper
1173 2471 1304 2518 missi
1343 2469 1430 2517 sub
1465 2468 1650 2517 vexillo
1685 2469 1860 2517 hiema-

187 2537 316 2586 bant.
370 2537 574 2602 pavidos
601 2545 650 2587 et
677 2540 973 2588 conscientia
998 2539 1270 2588 vaecordes
1296 2540 1438 2588 intrat
1463 2546 1636 2600 metus,
1666 2539 1862 2587 venisse

156 2629 171 2660 5
194 2615 381 2671 patrum
407 2608 537 2656 iussu
566 2609 646 2674 qui
675 2609 814 2657 inrita
840 2609 1058 2658 facerent
1085 2625 1208 2674 quae
1236 2625 1328 2673 per
1354 2609 1638 2658 seditionem
1659 2622 1860 2673 expres-

187 2685 368 2726 serant.
423 2685 572 2740 utque
608 2683 714 2728 mos
745 2679 892 2742 vulgo
922 2681 1136 2743 quamvis
1167 2679 1302 2728 falsis
1329 2694 1461 2727 reum
1493 2678 1731 2732 subdere.
1759 2676 1858 2726 Mu-

189 2747 366 2794 natium
384 2745 608 2793 Plancum
633 2745 886 2804 consulatu
913 2744 1137 2805 functum,
1167 2744 1435 2808 principem
1460 2741 1739 2805 legationiS,
1769 2756 1860 2790 au·-

189 2822 375 2863 ctorem
396 2823 590 2864 senatus
609 2815 816 2864 consulti
838 2816 1078 2869 incusant;
1111 2821 1159 2862 et
1185 2819 1328 2862 nocte
1359 2812 1593 2861 concubia
1620 2810 1853 2860 vexillum

187 2887 236 2931 in
262 2884 403 2932 domo
427 2883 694 2933 Germanici
724 2887 866 2932 situm
893 2883 1111 2946 flagitare
1140 2883 1399 2946 occipiunt,
1431 2895 1766 2945 concursuque
1793 2880 1853 2929 ad

137 2955 373 3002 mianuam
394 2954 522 3002 sacto
549 2954 807 3003 moliuntur
835 2955 988 3015 foreS,
1016 2959 1282 3001 extractum
1309 2950 1453 2999 cubili
1477 2947 1736 3000 Caesarem
1757 2954 1851 3001 tra'-

1992 2620 2008 2819 ἒ

1988 2847 2008 3099 ζ

1979 3099 2002 3224 l
